4616 5812
222 213 298 288 stt
810 203 1246 286 EPISTOLARUM
1295 201 1400 288 LlB.
1435 207 1501 292 xl.
1553 204 1687 286 1649.
2181 213 2246 288 att

223 394 291 466 tet,
322 383 525 477 putavimus
548 385 703 453 metrum
727 381 940 474 explicatum
960 379 1148 452 consilium
1170 383 1216 452 de
1268 402 1374 474 qoem
1387 391 1429 450 ut
1443 391 1565 450 contra
1582 379 1835 452 conscientiam
1848 381 1958 454 rimus
1971 381 2112 478 'aliquid
2134 379 2247 456 facturi

222 481 441 579 Adiaphoris
456 485 512 556 vel
533 483 760 556 admittendis
777 484 833 554 vel
854 484 1082 554 excludendis
1107 507 1215 576 qnae-
1268 483 1306 552 in
1321 493 1442 552 nostro
1461 481 1668 558 ministerio.
1701 479 1934 574 Reipublicae
1949 485 2179 578 relinquimus
2192 509 2247 558 sua

222 590 373 658 rendum
394 609 481 660 esse.
531 585 657 656 Vestra
672 585 800 678 scripta
818 585 916 676 prius
934 585 1026 656 edita
1042 586 1082 653 in
1098 586 1217 654 consi·
1269 581 1436 668 consilia,
1461 607 1572 676 quae,
1596 598 1637 655 ut
1661 585 1737 676 pia,
1761 583 1853 658 iusta
1875 598 1911 656 et
1933 600 2028 658 reeta
2048 588 2135 672 sint,
2164 592 2247 680 apud

222 689 311 760 lium
333 683 496 758 adhiberi
518 701 728 778 potuerunt,
762 711 804 756 ex
828 687 958 778 quibus
980 686 1063 757 satis
1084 709 1216 776 cogno·
1268 684 1404 770 Deum,
1429 678 1660 756 hortamuret
1675 709 1832 774 oramus,
1857 687 1966 782 idque
1977 711 2146 760 conamur
2158 713 2246 780 prae-

223 789 351 876 scitur,
375 813 465 884 quae
485 791 586 858 vobis
608 813 689 858 vere
703 783 910 879 Adiaphora
935 803 1037 872 sunt,
1063 813 1154 882 quae
1176 788 1217 856 in
1269 786 1390 876 cipue,
1413 799 1454 856 ut
1468 810 1534 856 nos
1550 787 1607 879 pie
1630 801 1664 858 et
1685 787 1980 880 iusteiungamur
1996 804 2118 862 nostro
2131 791 2248 874 officio,

195 887 377 962 ‘Ecclesia
391 891 609 972 conservari,
636 909 725 984 quae
740 890 884 960 tolerari
901 905 936 960 et
950 913 1040 983 quae
1056 889 1136 960 eiici
1152 891 1216 960 de·
1267 901 1377 980 utque
1401 889 1549 960 verbum
1572 887 1642 960 Dei
1662 904 1944 976 mensurantes,
1968 892 2027 983 pie
2044 891 2249 962 inomnibns
2298 941 2299 966 2

220 993 334 1066 bena·
370 991 443 1064 Sed
456 1015 553 1062 nunc
570 993 808 1084 potentiorum
824 993 963 1062 decreta
977 1005 1009 1062 et
1025 993 1216 1061 imminen-
1267 989 1499 1081 applicemus,
1524 1002 1559 1060 et
1580 1014 1670 1084 quae
1684 987 1752 1062 Dei
1774 1005 1878 1078 sunt,
1897 991 1993 1080 Deo,
2019 1007 2055 1066 et
2068 1017 2157 1088 quae
2170 991 2248 1064 Cae-

220 1093 270 1164 tia
285 1093 439 1186 pericula
455 1107 651 1164 astutorum
668 1093 843 1182 allegoriis
855 1117 896 1162 ac
910 1093 998 1164 lucis
1014 1107 1049 1164 et
1062 1093 1217 1164 dissimi-
1268 1091 1355 1160 saris
1377 1105 1478 1176 sunt,
1503 1087 1646 1162 Caesari
1666 1093 1812 1180 demus,
1845 1107 2039 1190 nostroque
2061 1096 2193 1182 ollicio,
2215 1109 2251 1166 ut

220 1196 377 1266 litudine
396 1195 611 1266 iudiciorum
630 1219 686 1266 res
706 1195 756 1265 sic
777 1195 992 1279 involvitur,
1018 1209 1057 1266 ut
1077 1195 1128 1288 pii
1151 1219 1215 1264 ne·
1268 1205 1423 1284 oportet,
1447 1193 1649 1282 fungamur.
1974 1257 1980 1266 .

222 1298 352 1377 sciant,
378 1297 465 1389 quid
483 1299 527 1366 de
543 1291 760 1388 Adiapboris
770 1298 968 1368 ¹tenendum
983 1295 1040 1372 sit.
1370 1291 1419 1366 Ut
1434 1307 1550 1364 autem
1566 1293 1610 1370 V.
1624 1294 1671 1370 R.
1686 1293 1727 1368 Ρ.
1743 1297 1848 1366 nobis
1871 1297 2030 1390 apposite
2052 1321 2156 1370 suum
2176 1323 2251 1369 con-

301 1442 302 1449 κ
324 1395 384 1470 Ad
408 1392 476 1466 hoc
498 1398 632 1468 malum
658 1394 726 1468 hoc
750 1399 856 1467 etiam
881 1399 1032 1482 accedit,
1056 1396 1134 1489 pios
1161 1396 1216 1466 vi·
1268 1394 1386 1464 silium
1401 1398 1485 1464 dare
1501 1397 1654 1487 possint,
1669 1399 1713 1468 de
1727 1401 1968 1470 conservando
1984 1423 2067 1470 vero
2083 1399 2151 1472 Dei
2164 1401 2250 1470 cultu

222 1522 299 1584 ros,
322 1523 427 1568 verae
451 1500 634 1588 religionis
659 1511 837 1583 amantes,
862 1500 926 1591 qui
952 1499 991 1568 in
1019 1501 1110 1568 bene
1130 1522 1216 1569 con·
1269 1512 1302 1568 et
1321 1493 1539 1588 Adiapltoris
1565 1499 1620 1568 vel
1639 1499 1851 1589 recipiendis
1873 1502 1931 1570 vel
1954 1501 2179 1574 excludendis
2192 1525 2251 1570 no-

222 1601 354 1672 stitutio
383 1597 551 1670 Ecclesiis
580 1601 944 1673 mutationesuullas
975 1601 1130 1690 recipere
1152 1625 1217 1670 vo-
1267 1613 1375 1668 stram
1411 1600 1622 1669 sententiam
1657 1601 1852 1692 scripturae
1891 1603 2129 1676 conscientem
2160 1602 2251 1672 vobis

221 1701 322 1788 lunt,
356 1697 479 1796 (quod
505 1703 651 1773 videant
675 1703 739 1772 ista
767 1702 904 1772 ratione
930 1700 1133 1772 Pontificius
1158 1701 1216 1770 in·
1268 1698 1476 1790 aperiemus.
1538 1699 1625 1770 Veri
1650 1702 1765 1772 divini
1792 1703 1908 1776 cultus
1936 1717 2118 1776 auctorem
2148 1705 2251 1774 solum

221 1817 353 1894 tagram
389 1803 595 1894 papisticam
633 1803 920 1894 superstitionem
955 1825 1078 1872 rursus
1115 1803 1217 1870 inve—
1267 1799 1382 1872 Deum
1402 1801 1566 1887 iacimus,
1591 1827 1742 1896 eumque
1767 1803 1882 1876 solum
1906 1805 2015 1876 modo
2034 1820 2128 1876 recte
2151 1819 2185 1876 ct
2204 1828 2251 1874 sa-

221 1901 307 1974 bere
338 1905 448 1990 velle,
486 1929 592 1998 seque
619 1928 794 1996 exponere
820 1905 959 1976 malunt
983 1905 1131 1974 summis
1154 1927 1217 1994 pe·
1267 1901 1428 1972 lutariter
1442 1903 1532 1988 coli,
1558 1929 1599 1974 eo
1617 1905 1737 1990 cultu,
1763 1929 1868 1998 quem
1885 1906 1960 1996 ipse
1974 1909 2166 2000 praecipit,
2188 1920 2250 1977 sta-
2298 1877 2299 1964 l

221 2007 362 2091 riculis,
400 2031 506 2099 qnam
533 2020 692 2078 auctores
718 2029 792 2076 esse
820 2006 1059 2077 mutationum
1084 2007 1123 2075 in
1145 2001 1218 2076 Ec-
1267 2004 1420 2088 tuimns,
1453 2003 1564 2096 ipsius
1592 2005 1726 2076 cultum
1751 2007 1861 2077 solius
1882 2007 1996 2078 divini
2019 2011 2121 2080 verbi
2144 2006 2252 2096 regula

222 2109 326 2178 clesia
365 2120 401 2178 et
439 2107 568 2199 impios
605 2120 753 2178 conatus
792 2107 984 2198 impiorum
1023 2103 1216 2204 adiuvare)
1267 2105 1453 2190 metimur,
1477 2119 1513 2176 et
1528 2106 1621 2176 caeci
1633 2108 1706 2176 suis
1721 2107 1895 2180 limitibus
1911 2133 1952 2178 ac
1969 2111 2133 2180 terminis
2148 2109 2252 2178 inclu-

220 2210 371 2302 pessime
396 2209 520 2280 andire
543 2224 578 2280 et
602 2209 825 2299 praegravari
850 2209 966 2278 odiosi
996 2211 1091 2300 apud
1121 2209 1214 2294 illos,
1268 2207 1386 2276 dimus
1406 2209 1601 2299 praeceptis
1622 2209 1809 2302 utriusque
1826 2211 1967 2282 tabulae
1982 2208 2170 2302 Decalogi‚
2195 2234 2252 2300 po·

221 2313 283 2404 qui
304 2311 541 2402 appellatione
563 2305 854 2400 Adiaphororum
877 2311 998 2380 omnia
1015 2323 1216 2389 extenuant,
1268 2309 1456 2400 nimusque
1479 2333 1603 2378 verum
1621 2306 1691 2378 Dei
1716 2311 1851 2380 cultum
1877 2311 1916 2382 in
1936 2312 2025 2398 fide,
2051 2309 2120 2384 Dei
2138 2315 2252 2382 adora-

221 2426 386 2482 excusaut
410 2425 446 2482 et
472 2411 683 2494 involvunt,
716 2411 849 2503 quique
882 2435 957 2480 non
989 2411 1217 2484 assentientes
1267 2409 1386 2494 tione,
1422 2409 1666 2494 invocatione,
1698 2413 1968 2500 glorificatione,
2000 2415 2252 2505 praedicatione

218 2513 376 2605 ipsorum
393 2513 609 2582 flexibilibus
625 2513 803 2601 allegoriis
817 2513 975 2583 iudicant
988 2513 1216 2598 stoicos,du-
1268 2524 1303 2580 et
1324 2510 1555 2600 explicatione
1580 2512 1681 2584 verbi
1702 2509 1787 2596 Dei,
1826 2513 2137 2586 sacramentorum
2168 2515 2253 2584 iuxta

221 2639 291 2698 ros,
304 2627 531 2684 contumaces
543 2628 577 2684 et
592 2611 1137 2698 rebellesEcclesiaedesertores,
1154 2614 1216 2704 qui
1268 2606 1403 2714 Cbristi
1419 2616 1625 2683 mandatum
1642 2615 1965 2702 administratione,
1991 2618 2173 2706 precibus,
2194 2611 2253 2706 by·

219 2717 463 2807 praesentibus
492 2715 749 2786 calamitatibus
779 2729 812 2784 ct
843 2715 1010 2806 periculis
1038 2712 1217 2786 Ecclesiae
1268 2713 1379 2798 mnis,
1411 2711 1580 2798 Psalmis,
1616 2714 1870 2805 spiritualibus
1901 2718 2148 2801 cantionibus,
2185 2739 2254 2806 gra-

220 2817 523 2891 nnnasficiantnr.
574 2814 737 2886 Hirrum
762 2816 931 2910 utrinque
953 2817 990 2885 in
1015 2817 1217 2908 receptione
1269 2815 1468 2907 tiorumque
1488 2816 1709 2901 actionibus,
1734 2818 1773 2886 in
1799 2814 1865 2886 Dei
1889 2817 2036 2904 timore,
2060 2820 2179 2890 studio
2205 2818 2254 2884 in-

220 2913 510 3010 Adiaplxororutn
534 2932 568 2987 et
590 2918 627 2984 in
645 2918 842 2989 desertione
857 2915 1094 2988 Ecclesiarum
1112 2941 1216 3006 grave
1269 2918 1452 2984 nocentiae
1471 2942 1510 2986 ac
1531 2917 1691 2998 virtutis,
1717 2931 1751 2990 et
1769 2918 2076 3008 ,obedientiaerga
2098 2918 2166 2990 Dei
2182 2942 2252 2987 ver-

220 3015 602 3110 periculumsit,nil1il
619 3034 783 3110 putamus
797 3033 868 3090 tam
884 3041 958 3090 esse
971 3021 1217 3101 necessarium,
1268 3019 1365 3092 bum.
1418 3015 1639 3104 Iudicemus,
1664 3044 1785 3088 verum
1809 3019 1879 3110 Dei
1905 3021 2041 3091 cultum
2062 3021 2253 3092 ornandum

221 3145 327 3214 quam
349 3134 389 3190 ut
412 3121 575 3210 piorum,
607 3121 786 3190 bonorum
811 3133 845 3190 et
869 3121 1097 3212 prudentium
1119 3121 1217 3191 viro-
1269 3132 1302 3188 ct
1317 3119 1585 3208 gubernandum
1602 3143 1675 3189 esse
1691 3121 1759 3212 piis
1776 3117 2031 3192 Ecclesiasticis
2045 3121 2256 3194 observatio·

220 3247 302 3292 rum
321 3221 469 3292 consilio
490 3223 605 3290 bonae
626 3221 860 3292 conscientiae
873 3221 1115 3292 testimonium
1131 3223 1218 3294 reti·
1269 3221 1399 3305 nibus,
1426 3221 1726 3315 necessariamque
1747 3243 1821 3292 esse
1843 3219 2127 3294 Ecclesiasticam
2157 3220 2255 3295 εὐτα-

221 3347 367 3394 neamus
388 3325 482 3412 apud
504 3320 720 3404 Dominum,
752 3336 786 3392 et
807 3323 995 3408 iaciamus,
1021 3347 1112 3416 quae
1134 3337 1217 3396 sunt
1269 3315 1353 3403 ξίαν
1373 3321 1417 3390 ad
1435 3323 1617 3412 religionis
1636 3323 1821 3416 divinique
1841 3325 1957 3395 cultus
1979 3325 2255 3416 prorogationem

222 3425 335 3495 nostri
357 3423 464 3493 officii
487 3437 631 3516 atquae
653 3419 862 3494 coramDeo
885 3425 979 3494 salva
1003 3424 1215 3494 conscientia
1269 3435 1303 3492 et
1324 3425 1637 3493 conservationem.
1699 3423 1911 3509 probamus,
1936 3437 1995 3510 ut,
2021 3449 2115 3519 quae
2138 3429 2180 3496 ad
2200 3427 2255 3494 dc·

224 3527 300 3598 lieri
318 3527 458 3596 debent.
509 3521 579 3594 Hic
594 3539 633 3594 ut
649 3524 818 3616 inculpati
835 3524 945 3594 simus
962 3549 1068 3616 super
1084 3521 1149 3596 hac
1169 3551 1218 3612 rc,
1269 3549 1409 3608 corum,
1449 3525 1634 3610 ordinem,
1680 3519 1920 3606 honestatem,
1964 3527 2191 3619 disciplinam
2226 3536 2256 3592 ct

224 3629 416 3718 expetimus
440 3639 595 3698 vestrum
621 3627 720 3715 pium
744 3627 950 3708 consilium,
985 3629 1090 3698 etiam
1113 3642 1217 3720 atque
1270 3625 1561 3717 tranquillitatem
1587 3639 1744 3718 spectent
1766 3627 1804 3696 in
1824 3623 2010 3712 Ecclesiis,
2035 3629 2074 3697 in
2091 3632 2257 3720 guberua-

224 3729 329 3800 etiam
352 3741 511 3809 orantes,
538 3741 578 3798 ut
603 3728 731 3796 diserte
756 3728 861 3796 nobis
883 3729 1078 3816 significare
1094 3730 1214 3818 digne·
1270 3728 1366 3798 tione
1380 3727 1495 3796 divini
1511 3729 1627 3798 cultus
1644 3728 1883 3812 retineantur,
1899 3743 1933 3798 et
1947 3730 2010 3800 uhi
2025 3753 2066 3800 ea
2082 3745 2168 3802 sum
2182 3729 2257 3798 sub-

223 3831 332 3913 mini,
356 3855 446 3922 quae
463 3831 518 3900 via
535 3830 635 3900 vobis
650 3829 886 3917 ingrediunda
902 3829 948 3904 sit
965 3829 1138 3900 inoffense
1152 3831 1219 3900 sub
1271 3829 1339 3897 lata
1363 3829 1495 3921 absque
1513 3829 1734 3898 offendiculo
1756 3832 1940 3900 commode
1963 3832 2196 3902 restituantur
2219 3829 2255 3894 ad
2298 3901 2299 3904 ,

224 3927 282 4001 his
316 3927 563 4020 Adiaphoricis
595 3931 912 4020 disputationibus,
951 3955 995 4000 ne
1029 3933 1219 4022 derogetur
1270 3929 1547 3998 aedificationem
1573 3927 1768 4014 Ecclesiae,
1808 3934 1851 4000 ad
1886 3931 2172 4023 amplificandam
2199 3927 2257 3999 Dei
2298 3905 2299 3996 l

225 4031 357 4122 gloriae
377 4027 462 4114 Dei,
488 4055 533 4099 ne
556 4031 770 4122 impediatur
784 4027 960 4102 Ecclesiae
974 4031 1089 4118 salus,
1115 4048 1149 4104 et
1173 4058 1219 4102 ne
1270 4031 1412 4100 laudem
1437 4045 1471 4102 et
1487 4030 1650 4102 alendam
1664 4033 1843 4123 publicam
1860 4035 2086 4104 concordiam
2114 4048 2149 4104 et
2169 4047 2257 4101 tran-
2298 4019 2299 4076 l

224 4133 459 4206 vulnerentur
481 4145 621 4200 nostrae
642 4133 863 4225 aliorumque
881 4136 1020 4225 piorum
1037 4136 1220 4204 conscien-
1271 4132 1501 4224 quillitatcm3
1527 4135 1586 4202 sed
1610 4133 1680 4225 ita,
1703 4157 1748 4202 ne
1771 4133 1865 4203 lorea
1881 4135 2087 4224 aperiantur
2107 4134 2257 4226 explosae

225 4235 307 4309 tiae.
358 4231 498 4305 &imus
518 4233 622 4319 longe
644 4227 901 4304 horribiliuset
917 4237 1057 4324 gravius
1074 4237 1219 4308 esseirt-
1271 4232 1468 4324 Papisticae
1500 4233 1675 4325 impietati
1695 4247 1730 4306 et
1754 4235 1947 4328 tyrannidi.
2005 4233 2064 4304 Ad
2086 4239 2258 4311 decorum,

227 4337 343 4406 cidere
366 4334 403 4404 in
427 4357 553 4404 mantas
575 4331 742 4417 Domini,
767 4355 872 4427 quam
895 4337 932 4404 in
955 4361 1080 4406 mantas
1101 4333 1219 4407 homi-
1270 4336 1453 4422 ordinem,
1478 4330 1714 4417 honestatem,
1738 4337 2031 4430 tranquillitatem
2057 4333 2256 4425 etdiscipli·

226 4447 326 4506 reuera.¹
378 4433 460 4506 ldeo
482 4436 646 4506 dabimus
665 4458 829 4526 operam,
855 4450 895 4507 ut
917 4439 1137 4508 inomnibus
1161 4439 1220 4513 in·
1271 4461 1354 4506 nam
1376 4431 1898 4528 referimusvereAdiaphdra,
1923 4431 2077 4526 horest,
2103 4439 2257 4508 observa·

228 4537 429 4612 cidentibus
445 4537 610 4627 periculis
628 4551 808 4606 teneamus
825 4533 919 4608 huuc
932 4563 1075 4629 scopum
1099 4539 1137 4608 in
1152 4565 1220 4612 no·
1271 4539 1386 4608 tiones
1402 4538 1499 4622 illas,
1524 4530 1610 4629 quas
1625 4535 1721 4606 Deus
1733 4561 1851 4629 neque
1867 4539 2037 4630 praecipit
2053 4561 2171 4633 neque
2185 4560 2257 4628 pro·

228 4646 302 4712 stro
317 4637 533 4720 ministerio,
558 4652 598 4709 ut
610 4662 726 4708 coram
737 4636 893 4708 Domino
910 4641 976 4710 fide
992 4640 1221 4730 reperiamur,
1273 4634 1409 4723 hibuit,
1435 4641 1492 4708 sed
1517 4639 1648 4708 liberas
1669 4639 1828 4728 permisit
1844 4636 2023 4710 Ecclesiae
2044 4641 2089 4709 ad
2105 4641 2257 4709 aedifica-

228 4756 264 4812 et
276 4739 526 4812 conscientiam
550 4733 740 4810 habeamus
757 4740 924 4814 illaesam.
973 4739 1154 4812 Eventum
1169 4743 1221 4812 rei
1273 4741 1407 4810 tionem
1425 4740 1481 4808 sui
1497 4739 1624 4830 ipsius,
1639 4763 1705 4830 pro
1722 4739 1902 4824 locorum,
1920 4754 2121 4832 temporum
2138 4755 2254 4831 etpcr·

138 4865 139 4870 ’
228 4841 487 4915 committemus
501 4839 597 4922 Deo,
621 4840 658 4906 in
675 4840 775 4910 cuius
789 4867 897 4912 mauu
912 4843 1031 4912 omnia
1047 4844 1221 4918 suntsita.
1271 4863 1439 4910 sonarum
1461 4839 1665 4910 conditione
1688 4853 1726 4911 et
1746 4843 2006 4914 commoditate.
2065 4840 2182 4911 Huius
2204 4861 2255 4928 gc·

230 4944 342 5036 ldq'ue
357 4943 461 5012 nobis
477 4941 581 5012 unice
596 4963 699 5010 curae
718 4941 802 5024 erit,
827 4959 868 5014 ut
882 4944 1103 5014 innocentiae
1115 4943 1221 5014 testi·
1273 4941 1368 5011 neris
1383 4941 1598 5011 arbitramur
1611 4965 1684 5011 esse
1700 4935 1786 5012 haec
1799 4956 1836 5012 et
1848 4941 1996 5026 similia,
2022 4943 2118 5012 viros
2135 4953 2254 5034 aperto.
2298 4969 2299 5044 p

230 5045 354 5114 monio
378 5045 517 5116 animus
539 5053 659 5112 noster
679 5041 721 5112 sit
746 5043 986 5128 confirmatus3
1021 5045 1154 5130 iuvita
1187 5061 1221 5128 ct
1273 5042 1437 5114 mulieres
1452 5044 1565 5112 velato
1581 5045 1693 5136 capite
1708 5067 1820 5114 orare.
1857 5043 1902 5114 In
1916 5039 2071 5116 Ecclesia
2086 5044 2182 5114 viros
2197 5043 2253 5110 do·
2298 5055 2299 5144 ἦ

230 5157 345 5214 morte
373 5146 624 5215 corroborante
655 5167 721 5215 nos
743 5138 819 5212 Deo
846 5167 910 5232 per
933 5159 1091 5234 sanctum
1117 5169 1221 5218 suum
1273 5169 1351 5214 cere
1371 5168 1445 5216 non
1473 5145 1657 5232 mulierem
1693 5145 1792 5214 statis
1815 5145 1942 5216 diebus
1968 5163 2003 5217 et
2032 5141 2129 5214 boris
2151 5165 2253 5220 orare,
2298 5171 2299 5184 ¹

227 5245 426 5338 Spiritum,
452 5247 567 5334 potius
583 5243 735 5316 cervices
749 5245 907 5315 carnifici
921 5246 1095 5316 feriendas
1116 5259 1218 5335 pra‘e-
1274 5247 1417 5330 docere,
1442 5247 1607 5338 psallere3
1633 5269 1821 5336 campanae
1847 5247 1967 5318 sonitu
1990 5259 2183 5316 conventus
2204 5266 2252 5309 sa·
2298 5315 2299 5318 ,

232 5348 414 5432 bebimus,
447 5359 480 5414 et
515 5345 631 5434 potins
665 5347 776 5453 exilia¹
801 5365 836 5420 et
861 5348 1032 5440 supplicia
1057 5347 1220 5437 serenius,
1273 5350 1542 5439 croscogeread
1559 5347 2001 5420 audiendasconcioneset
2017 5347 2251 5420 celebrandam
