4658 5818
62 231 136 308 ru·
583 209 1024 310 rrrsrorau-arr
1063 207 1169 300 tta.
1191 212 1273 295 xu.
1312 199 1509 297 'tess'1
1996 201 2085 302 ηδ’

142 394 236 472 liuns
247 419 334 472 vero
346 397 393 472 de
407 389 495 494 ipsis
512 403 698 476 sententiis
711 427 786 476 non
801 403 898 476 aliud
918 381 1036 502 'pras-J
1075 422 1155 496 cnm
1170 389 1346 494 Ecclesiae
1359 395 1558 503 ⁸‹lprtrinam
1574 423 1614 472 ex
1629 399 1790 473 fontibus
1800 369 1976 488 hauriret,
1992 395 2069 474 tum

63 502 178 576 eonium
198 502 339 587 addant,
368 502 440 575 nisi
468 497 557 605 hoc,
587 507 684 606 quod
710 507 937 600 praecipuum
961 519 1024 592 est,
1059 501 1219 572 «laninas
1245 519 1277 572 et
1295 496 1461 572 Graecis*
1471 499 1634 579 historias
1652 505 1797 588 adsidue
1819 503 1972 592 legebat,
1994 527 2070 575 aea

63 603 130 675 haee
146 603 278 674 oracula
296 607 682 700 vocemmtiptrttut
704 609 815 680 sancti
837 611 875 679 in
899 605 1024 688 Eccle-
1060 608 1151 673 niro
1177 605 1379 673 doctissimo
1398 599 1564 672 Arnoldu
1588 601 1753 674 Burem‘o
1776 607 1818 674 ad
1843 607 2067 675 formandam

62 705 118 790 sia,
139 718 169 776 et
189 727 377 797 magenere
398 731 479 783 cum
499 707 593 799 Lege
608 710 678 785 Dei
699 723 731 780 et
741 707 965 800 ⁴Evangelio,
990 724 1023 780 et
1060 707 1237 794 'latinam
1254 707 1449 778 orationem
1469 707 1519 776 sic
1538 709 1757 779 adsuefactus
1772 720 1862 791 crat,
1888 721 1926 778 ut
1940 705 2076 790 Latine¹

62 805 212 878 continere
224 801 485 879 admonitiones
499 812 705 882 utilissimas
721 814 765 880 de
788 812 950 904 plurimis
970 811 1023 878 vi·
1059 821 1168 878 ¹recte
1183 822 1217 877 et
1233 809 1418 900 splendide
1431 808 1638 902 loqueretur
1657 823 1691 880 et
1706 809 1889 878 scriberet:
1913 809 2068 900 denique

61 907 276 986 taeolficiiset
291 909 479 1003 perieulis.
520 908 1023 1006 Quareetqnotidielegenda
1059 909 1273 1002 exemplum
1306 921 1380 982 erat
1411 905 1492 983 Dux
1519 903 1695 1003 Magnus
1726 910 1812 981 honi
1839 924 1873 980 et
1905 909 2071 980 salutaris

61 1023 126 1080 ⁸³¹1!
143 1009 302 1096 omnibus
321 1011 516 1087 minuma
562 1013 727 1097 Subinde
743 1016 839 1086 enirn
864 1015 1023 1086 iuniores
1076 1008 1252 1102 Principis
1266 1011 1305 1080 in
1326 1010 1468 1102 publica
1484 1023 1519 1080 ct
1535 1011 1670 1101 privata
1684 1012 1768 1086 vita.
1819 1005 2069 1108 ltaquequan-

61 1111 282 1202 agrandiores
296 1112 399 1208 plura
415 1137 458 1184 ex
471 1109 537 1193 hac
560 1115 709 1196 lectione
725 1117 877 1207 discent:
902 1129 937 1190 et
958 1117 1025 1185 bu·
1075 1127 1112 1182 to
1128 1111 1202 1204 eius
1214 1111 1391 1182 desiderio
1409 1135 1483 1182 uon
1497 1114 1613 1182 solum
1626 1115 1756 1206 patria,
1783 1114 1844 1182 sed
1861 1113 1966 1184 etiam
1981 1112 2070 1182 vici-

60 1211 150 1281 nisac
170 1211 351 1304 studiosis,
377 1213 700 1314 considerantibus,
725 1243 796 1314 quo
820 1209 1024 1292 referendae
1075 1237 1141 1284 nae
1164 1227 1283 1303 gentes
1307 1205 1538 1299 adiciantur,
1571 1215 1682 1290 vides.
1732 1213 1807 1286 Sed
1823 1200 1867 1284 ‘ul
1888 1207 2067 1306 Propheta

60 1305 187 1382 sinthae
207 1313 430 1404 gravissimae
453 1317 731 1404 admonitiones,
763 1319 916 1392 subinde
936 1311 1024 1402 haee
1075 1315 1210 1408 inquit,
1237 1323 1432 1391 evocantur
1453 1338 1502 1386 ex
1520 1308 1594 1386 leae
1613 1313 1769 1386 mortali
1790 1313 1867 1384 rito
1891 1313 2000 1401 e'ustf,
2025 1333 2079 1384 ns·

60 1411 202 1510 npientia
224 1413 291 1486 erit
312 1415 477 1492 dulcior.¹
513 1415 584 1492 Sed
608 1444 673 1491 cur
689 1443 752 1511 ego
768 1445 844 1494 mea
861 1421 1023 1497 oratione
1077 1411 1224 1491 videant
1240 1425 1391 1491 ventura
1410 1414 1533 1503 molo,
1559 1418 1608 1488 sic
1623 1419 1739 1510 ipsum
1757 1416 2010 1513 qrroqncDens‘
2023 1417 2081 1486 ad»

60 1513 184 1584 invitare
196 1515 343 1588 lectores
357 1519 491 1589 conor?
520 1514 652 1592 invitat
667 1547 726 1594 eos
742 1519 835 1599 liber
846 1523 932 1616 ipse,
948 1545 1024 1596 non
1076 1531 1237 1590 aeternae
1268 1516 1446 1590 Ecclesiae
1477 1520 1768 1592 consuetudinem
1800 1519 1968 1603 abduxit,
1994 1518 2070 1588 ‘uhi

60 1637 126 1685 voce
141 1614 337 1690 Salomonis
350 1633 507 1708 mutum,
531 1625 628 1716 quod
646 1623 751 1700 etiam
768 1649 869 1722 saepe
884 1623 937 1712 fit,
962 1625 1020 1696 sed
1077 1621 1145 1692 iarn
1167 1620 1263 1692 inter
1279 1622 1432 1714 optimos
1449 1622 1646 1714 principes,
1675 1618 1868 1704 Davidem,
1895 1614 2078 1709 iosaphat..

60 1715 143 1786 etiam
161 1743 240 1790 voce
265 1721 406 1810 divina,
430 1746 511 1796 curn
532 1723 666 1818 inquit:
691 1717 755 1812 „0
779 1725 868 1812 viri,
892 1719 1023 1798 advos
1075 1715 1283 1808 Ezechiam,
1313 1722 1442 1794 fosiam
1471 1738 1507 1794 et
1538 1723 1670 1792 similes
1701 1723 1832 1793 fruitur
1863 1720 2069 1791 dulcissimo

59 1813 227 1894 „clamitm
263 1817 402 1896 audite.
452 1819 510 1893 Ab
542 1833 688 1896 aeterno
720 1819 896 1900 ordinata
928 1851 1023 1914 sum,
1076 1839 1264 1916 conspectu
1285 1837 1320 1896 et
1343 1825 1531 1920 colloquiis
1546 1823 1612 1896 Ilei
1634 1835 1669 1893 et
1689 1821 1838 1894 Domini
1860 1821 1970 1892 nostri
1989 1822 2069 1892 lesu

59 1927 257 2016 „antequam
285 1919 440 2009 rochem,
473 1933 589 2013 term,
623 1925 754 2022 abyssi
778 1923 1024 1999 conderentur.
1075 1919 1227 2006 Christi,
1251 1949 1340 2018 quae
1356 1927 1394 1996 in
1409 1921 1474 1996 hac
1489 1927 1561 1996 vita
1578 1925 1834 1996 ardentissimis
1851 1925 1942 1994 votis
1964 1946 2070 2015 espe-

59 2015 245 2120 „Et-adfur'
256 2017 546 2102 architectonice.
597 2022 711 2098 Ludo
732 2029 771 2098 in
795 2029 878 2102 orbe
896 2041 1024 2116 terrae,
1075 2027 1168 2101 tivit.
1196 2026 1290 2121 ·lpsi
1315 2029 1423 2117 igitur
1442 2026 1606 2101 eoelestia
1623 2023 1651 2123 ⁸)
1674 2025 1903 2116 gratulemur.

58 2127 108 2288 ”z
117 2116 256 2238 Midae
271 2149 372 2242 ‚mein
385 2135 471 2196 'mm
491 2121 681 2247 immuni
696 2127 818 2256 saian
829 2129 1022 2251 “umuli‘'
1175 2171 1223 2248 Et
1239 2179 1320 2272 quia
1335 2175 1432 2248 Deus
1448 2149 1585 2272 aliquos
1607 2179 1643 2246 in
1661 2172 1725 2246 hac
1742 2175 1866 2246 militia
1887 2171 1992 2244 huius
2016 2177 2076 2244 v'i-'

58 2227 1024 2421 zpffl'aqiglhzlcaispae‘ligrgugfflg'gominse}5:23¹?
1078 2269 1131 2350 tae
1150 2281 1227 2350 vult
1250 2299 1322 2352 esse
1345 2272 1565 2372 superstites,
1591 2301 1732 2350 oremus
1756 2277 1869 2348 filiurn
1895 2273 1979 2356 Dei,
1996 2261 2070 2374 'str-

58 2419 117 2492 llac
128 2439 215 2496 tauta
232 2431 440 2501 auctoritate
457 2433 564 2526 siqui
583 2459 657 2504 non
672 2449 877 2522 moventur,
900 2437 1023 2508 durio-

57 2546 100 2592 res
112 2541 184 2596 snut
203 2531 432 2613 omnibus'iu
445 2531 784 2628 Carroasoasopulis.
832 2537 1023 2631 Praecipue

56 2649 120 2694 vero
133 2631 237 2699 nostri
253 2633 361 2701 officii
379 2647 428 2703 est
444 2631 629 2706 inScholis
643 2640 863 2712 adsuefacere
875 2641 918 2730 ad
933 2636 1022 2712 hanc

55 2725 214 2798 lectionem
239 2733 412 2808 iuniores.
471 2733 556 2807 ldco
577 2740 758 2830 superiore
780 2766 875 2812 anno
890 2730 1022 2813 ‘rursus

55 2821 130 2897 hunc
149 2831 307 2904 libellum
336 2847 516 2930 utcunque
541 2841 715 2915 enarravi.
774 2840 857 2914 Scio
888 2844 1022 2916 arellius

55 2933 249 3005 euarmtione
266 2937 539 3028 amplitudinem
564 2964 703 3026 rerum,
717 2966 879 3038 wquarum
902 2939 961 3018 hie
983 2947 1021 3018 fit

54 3033 178 3118 mentio,
207 3033 464 3128 comprehendi
491 3063 605 3134 posse.
660 3041 757 3116 Haec
787 3069 872 3118 vero
900 3060 1019 3118 nostra

54 3131 209 3222 explicatio
226 3137 337 3208 nimis
360 3139 479 3210 ieiuna
500 3157 536 3214 et
559 3141 745 3216 macilenta
763 3159 824 3221 est.
875 3145 945 3219 Sed
964 3162 1021 3218 ta-

53 3251 126 3316 men,
140 3259 215 3305 cum
231 3263 309 3307 earu
325 3237 538 3334 typographi
551 3245 705 3332 ederent,
725 3269 799 3316 non
813 3231 1021 3342 repugnavi,
1174 3239 1334 3332 Accipies
1349 3239 1459 3330 igitur
1472 3263 1490 3308 a
1504 3263 1562 3307 me
1574 3230 1671 3306 huuc
1686 3237 1817 3306 librum
1834 3259 1874 3307 eo
1889 3235 2069 3320 libentius,

53 3333 117 3424 quia
145 3336 301 3409 soi-imis
337 3335 423 3412 haec
448 3367 540 3416 nova
576 3345 685 3418 editio
712 3349 831 3442 plures
856 3341 902 3422 ad
928 3347 1020 3422 hanc
1073 3345 1154 3437 qula
1171 3341 1474 3435 fratrispatruelis
1490 3340 1528 3408 ln
1547 3361 1590 3408 t‘t't
1612 3341 1747 3408 mentio
1759 3339 1816 3423 fil,
1842 3339 1902 3432 qui
1925 3339 2070 3410 slvlve·

52 3427 209 3508 lectionem
227 3437 408 3519 invitabit,
603 3473 609 3486 ·
987 3458 990 3467 '
1073 3455 1141 3530 ret,
1168 3446 1271 3516 etiam
1292 3441 1453 3513 hortator
1469 3459 1577 3528 esset,
1602 3455 1643 3512 ut
1661 3441 1849 3512 lectionem
1865 3439 2067 3514 Salomonis

959 3540 962 3548 ’
1074 3547 1139 3618 tibi
1154 3545 1465 3618 familiarissimam
1486 3545 1629 3617 faceres.

1076 2383 1210 2452 stodem
1232 2375 1410 2454 Ecclesiae
1435 2405 1537 2468 suae,
1558 2377 1753 2452 Dominum
1772 2391 1931 2450 nostrum
1955 2377 2070 2451 lesum

1076 2477 1277 2570 Christum,
1308 2497 1347 2554 ut
1379 2481 1454 2576 ipse
1488 2505 1554 2552 nos
1584 2483 1773 2572 gubernet,
1807 2495 1841 2552 et
1872 2480 1977 2552 faciat
2002 2486 2069 2550 nos
2099 2510 2104 2518 ·

1076 2577 1187 2679 σκεύη
1204 2580 1324 2666 ἐλέους
1339 2602 1372 2654 et
1393 2607 1523 2674 organa
1550 2583 1734 2668 salutaria,
1761 2596 1793 2652 et
1815 2594 1929 2652 servet
1944 2577 2069 2654 Eccle-

1058 2688 1143 2756 -sias
1158 2701 1326 2758 eteorum
1342 2681 1507 2778 hospitia.
1559 2683 1790 2754 Verissimum
1807 2697 1857 2754 est
1871 2685 1980 2769 enim,
2006 2677 2069 2754 has

1075 2801 1259 2860 restantes
1281 2811 1356 2858 non
1378 2787 1511 2858 servari
1534 2809 1636 2878 posse
1660 2785 1733 2856 sola
1757 2780 1911 2855 humana
1929 2785 2069 2876 sapien-

1075 2890 1138 2961 tia:
1165 2892 1227 2960 sed
1243 2890 1337 2960 lilius
1351 2888 1439 2976 Dei,
1464 2889 1590 2958 sedens
1611 2889 1654 2958 ad
1673 2890 1829 2956 dexteru
1851 2885 1984 2956 aeterni
2000 2884 2068 2956 Pa-

1073 2992 1157 3074 tris,
1181 2992 1354 3061 immensa
1372 2990 1529 3062 bonitate
1544 3011 1626 3060 suos
1643 3001 1780 3068 coetus,
1803 3011 1901 3058 suam
1924 2981 2067 3058 heredi-

1074 3108 1197 3179 tatem,
1222 3107 1350 3164 tuctur.

128 3638 235 3716 Causa
251 3660 393 3734 autem,
419 3671 483 3720 cur
498 3641 582 3721 huic'
595 3651 745 3724 editioni
766 3668 866 3727 tuum
888 3637 1020 3726 nomeu

50 3735 286 3850 adscripserim,
313 3769 389 3818 non
403 3743 642 3823 haec'tantum
662 3769 731 3840 est,
755 3759 849 3854 quod
867 3757 958 3843 scio,
984 3746 1026 3828 te¹

50 3859 77 3904 111
90 3836 145 3958 hae
157 3845 290 3938 ingenii
307 3863 341 3921 et
351 3849 494 3922 virtutis
507 3857 718 3944 praestantia
734 3857 889 3930 libenter
902 3859 1018 3950 legere

49 3947 271 4029 amentissimi
283 3947 394 4042 Regis
409 3953 686 4044 admonitiones;
712 3957 905 4046 sedetiam,
922 3961 1018 4056 quia,

49 4061 112 4110 mm
130 4051 280 4137 priorem
312 4053 504 4140 editionem
529 4069 611 4127 aute
632 4081 746 4129 annos
768 4061 1017 4152 vig'iuti'dedi-

47 4161 153 4263 cassem
174 4149 299 4224 inclito
321 4151 479 4246 Principi
494 4151 673 4251 Magno,
697 4150 791 4236 Dcici
810 4159 1016 4263 MegaIbur-

46 4261 134 4334 nusi,
156 4263 215 4322 tuo
229 4253 334 4324 fratri
347 4257 509 4347 patrueli,
527 4254 619 4330 hanc
634 4275 809 4332 recentem
824 4263 1014 4334 editionem

46 4345 83 4462 ed
93 4359 120 4464 te
132 4351 269 4426 mittere
288 4357 447 4444 decrevi,
471 4371 512 4429 nt
526 4383 657 4432 munus
675 4360 730 4433 illi
743 4361 889 4436 missum
905 4366 944 4436 in
961 4367 1016 4436 fa-

46 4447 124 4566 mella
145 4471 318 4537 maneret.
345 4458 384 4526 in
409 4467 542 4550 quant
564 4483 702 4558 semper
722 4463 924 4536 Salomonis
947 4493 1014 4539 vox

46 4549 201 4635 audiatur,
226 4571 304 4628 toto
319 4571 459 4649 pectore
473 4575 577 4654 opto:
596 4559 702 4657 quam
717 4567 861 4662 quidem
876 4556 1012 4640 summa

1171 3697 1226 3774 De
1247 3724 1325 3770 mea
1345 3720 1430 3767 vero
1452 3691 1675 3764 enarratione
1698 3681 1791 3758 nihil
1811 3687 1912 3758 aliod
1938 3689 2066 3776 dicam,

1073 3803 1213 3876 nisime
1229 3803 1288 3898 pio
1305 3799 1425 3871 studio
1439 3791 1507 3867 hoe
1520 3815 1641 3884 agere,
1666 3789 1811 3862 utboni
1830 3787 1916 3860 lihri
1937 3787 2008 3862 sint
2023 3792 2072 3872 in·

1071 3907 1235 3978 manibus
1250 3901 1478 3984 discentium
1503 3907 1538 3966 et
1557 3917 1637 3966 eum
1660 3895 1705 3963 de
1725 3885 1794 3961 hoc
1815 3891 1965 3986 scripto,
1988 3905 2067 3967 tum

1071 4011 1114 4080 de
1131 4007 1276 4080 caeteris
1291 4004 1379 4074 meis
1396 3999 1536 4107 seriptis
1549 3995 1728 4076 omnihus.
1753 3993 1926 4066 iudicium
1940 3990 2068 4086 Eccle-

1071 4111 1132 4180 siis
1153 4123 1187 4180 et
1205 4105 1407 4178 Academiis
1420 4098 1547 4172 harum
1571 4098 1778 4189 regionum,·
1801 4119 1890 4190 quae
1905 4087 2064 4195 Consec-

1068 4199 1224 4294 sionem,
1250 4201 1669 4294 exhibitam-imperatori
1684 4191 1821 4272 Corolo
1833 4199 2064 4269 inconvento

1070 4309 1275 4404 Augustano
1301 4303 1401 4379 Anni
1425 4301 1655 4380 mlaxxx.
1679 4295 1963 4392 amplectuntur,
1980 4321 2064 4390 par.

1067 4415 1182 4488 mitto.
1232 4407 1310 4484 Nee
1321 4429 1385 4498 ego
1401 4407 1500 4480 aliud
1523 4422 1632 4494 gntus
1655 4401 1836 4472 doctrinae
1857 4397 2062 4490 amplector,

1068 4517 1138 4586 uisi
1154 4515 1243 4592 illud
1259 4515 1397 4606 ipseruc‘
1408 4509 1504 4604 qnod
1520 4507 1665 4600 quidem
1679 4501 1751 4573 scio
1766 4521 1839 4585 esse
1854 4503 2062 4594 perpetuam

45 4665 107 4720 eum
127 4647 251 4744 pienti
272 4652 365 4729 Dux.
377 4653 566 4755 Magn„
580 4665 748 4739 audiebat
796 4681 830 4740 a
860 4695 941 4742 cum
967 4661 1025 4743 ad.
1065 4605 1243 4690 Ecclesiae
1263 4609 1399 4685 Christi
1427 4618 1585 4681 iocerne·
1617 4599 1774 4676 sensa
1799 4603 1951 4674 feliciter
1970 4606 2059 4679 vate.

43 4737 116 4870 liene
129 4777 288 4828 normam
305 4761 452 4832 tonsilia
467 4763 604 4854 privata
627 4781 662 4838 et
676 4721 818 4860 publica
835 4758 1013 4872 dirigerei',
1068 4721 1174 4792 Am
1188 4708 1435 4868 M'D'Iffi‘
1452 4725 1553 4868 3,
1572 4761 1677 4880 mu
1785 4738 1860 4880 m
1997 4839 2001 4851 Ι
2059 4854 2064 4864 Ι

43 4860 361 4977 titpuedepatria'
382 4864 528 4934 meritas
551 4879 622 4953 est,
653 4887 789 4941 summa
814 4869 1014 4946 reverentia‘
1100 4867 1103 4872 ’
1162 4934 1184 4978 .,
1365 4903 1421 4968 ‚5¹
1478 4953 1509 4966 ,Ι
1577 4946 1584 4961 ,
1647 4829 1792 4964 'mi
1861 4799 2007 4892 whom
2062 4905 2066 4914 ·

44 4961 499 5056 ”tentnumum'patrem
513 4967 552 5034 iu
580 4966 841 5058 gubernatione*
862 4970 1029 5064 adiuvit,'
1051 4969 1057 4984 ’

41 5039 191 5128 helesiae
205 5061 342 5157 meavit
361 5061 453 5134 reete
466 5067 625 5150 erndlri,
642 5071 816 5144 'et'custos
836 5063 1009 5171 fnit'dua.
1097 5088 1124 5157 a)
1142 5083 1444 5178 ¹²t01’ti·„⁵,ii³¹¹⁸²¹¹·
1462 5099 1515 5137 sor
1534 5081 1617 5134 aaa..
1683 5103 1684 5108 =

43 5166 107 5223 mn
121 5160 665 5260 optimarumssrernmfflptariiatis
680 5159 861 5246 doctrinae
875 5191 1027 5272 etcon3
1054 5258 1057 5266 Ι
1096 5166 1176 5262 orti
1189 5166 1270 5264 bip.
1288 5189 1371 5245 taso
1390 5179 1546 5238 ΜΛΝ.
1920 5235 1959 5244 -.
1987 5235 2073 5250 .....
2183 5266 2189 5274 Ι

42 5257 167 5380 (fidiae.
177 5249 402 5354 docentium}
421 5251 677 5378 ''fov'it'stuili'a'f
684 5272 889 5380 literarum,
920 5303 1009 5372 quae
1245 5373 1247 5376 Ι
1363 5360 1367 5370 Ι
1532 5263 1604 5377 ΙΤ·’
1619 5258 1751 5316 ⁰‘¹¹³¹¹²⁶·
1783 5322 1903 5387 W·

42 5365 469 5472 ”manumabserquia
489 5371 666 5464 praestare
686 5375 952 5468 emdirtserar,
975 5396 1008 5452 er
1053 5396 1058 5432 1
1460 5373 1591 5551 ⁴5³-
1670 5341 2000 5470 sarcinalium.
