4616 5812
70 259 126 336 tu
600 249 1040 341 srrsronnnurt
1096 249 1203 336 ors.
1228 241 1292 326 xr.
1344 235 1478 332 ists.
1989 235 2064 330 asa

68 429 261 504 servationem
290 425 508 501 adiuvamur.
568 426 608 502 Si
634 443 749 526 potest
769 423 936 502 Ecclesiis
961 427 1022 500 ille
1072 427 1199 518 gladiis
1224 423 1424 520 praebenda
1450 423 1517 494 erit
1536 415 1622 495 haec
1645 421 1770 495 misem
1793 423 1929 512 cervix,
1967 449 2064 500 com-

66 535 196 604 delensor
208 544 315 604 status
329 553 475 602 aureum
491 531 648 604 seculum
663 531 866 621 restituere,
890 531 1021 605 trium·
1072 531 1248 601 mendabo
1273 551 1329 598 me
1345 527 1438 599 Filio
1456 523 1523 595 Dei
1539 521 1695 596 Domino
1713 537 1834 597 nostro
1859 527 1940 600 lesu
1955 523 2064 600 Chri·-

66 630 130 728 phet
141 648 175 704 ot
187 635 290 706 volet.
1072 643 1144 718 sto,
1170 631 1334 704 crucifixo
1351 653 1415 724 pro
1430 628 1534 698 nobis
1558 641 1593 698 et
1610 627 1832 715 resuscitato,
1857 631 1919 726 qui
1943 629 2063 724 inspe-

141 731 207 806 Cur
220 745 275 803 me
290 734 476 824 delegerit,
501 755 580 802 cum
595 734 694 805 nulla
716 735 755 805 in
772 759 811 806 re
827 757 1022 828 unquama
1072 747 1149 806 ctor
1166 747 1218 806 est
1234 735 1415 815 cordium,
1439 739 1474 799 et
1488 729 1552 799 scit
1569 753 1627 798 me
1648 729 1800 822 simplici
1822 733 1939 803 studio
1955 757 2063 826 quae-

64 859 106 906 mc
123 833 224 906 laesos
246 837 307 928 sit,
334 859 440 930 quem
462 836 500 906 in
521 835 586 905 ista
604 837 810 908 defensione
825 849 955 917 status,
981 849 1022 907 ut
1071 835 1194 906 sivisse
1209 836 1409 918 veritatem,
1437 855 1512 900 non
1526 831 1696 902 sactiones
1716 841 1777 902 aut
1799 853 1906 923 regna
1931 835 2063 906 consti-

63 949 156 1023 vocat,
182 937 334 1029 primurn
364 937 534 1030 oprimat,
565 950 606 1007 ut
628 931 785 1012 Marius
807 932 1021 1024 Antonium,
1071 951 1188 1024 tuere,
1216 957 1287 1008 non
1308 937 1425 1005 laxare
1446 933 1565 1002 uanos
1587 932 1782 1004 curiositati
1799 933 1969 1018 voluisse,
1995 959 2061 1006 nec

62 1038 173 1124 nenio,
197 1063 275 1108 cum
291 1038 378 1108 sciat
392 1033 483 1107 mihi
509 1061 646 1129 semper
659 1040 879 1134 displicuisse
897 1063 1021 1110 corru-
1071 1039 1147 1108 sine
1165 1061 1288 1128 magna
1306 1036 1512 1106 difficultate
1526 1034 1714 1124 diligenter
1736 1034 1954 1107 considerata
1977 1037 2061 1108 uni-⁴

61 1140 147 1228 ptelas
166 1139 364 1224 doctrinae,
388 1152 423 1210 et
444 1163 463 1208 a
481 1162 538 1208 me
551 1163 686 1210 errores
702 1143 1019 1234 praecipuostaxa-
1070 1163 1169 1210 versa
1196 1139 1425 1232 antiquitate,
1464 1135 1592 1206 multas
1626 1135 1805 1206 intricatas
1838 1137 2060 1230 quaestiones

61 1251 100 1308 tos
114 1262 187 1315 esse.
234 1239 339 1312 Nunc
363 1239 486 1312 scribit
504 1261 562 1310 rue
584 1259 808 1333 promovere,
832 1237 901 1312 hoc
923 1241 1019 1311 enirn
1071 1241 1259 1326 evolvisse,
1292 1261 1418 1332 meque
1440 1234 1617 1306 iuventuti
1639 1239 1684 1306 ad
1709 1235 1936 1329 disciplinam
1960 1243 2060 1310 etad

59 1339 147 1410 utitur
165 1342 353 1426 vocabulo,
378 1341 462 1434 quia
484 1341 596 1426 suasi,
627 1367 673 1412 ne
694 1344 734 1414 iu
759 1343 898 1434 templis
922 1343 1020 1414 fieret
1071 1343 1216 1414 colenda
1235 1341 1425 1412 rectissima
1441 1339 1555 1408 studia
1570 1331 1786 1410 hortatorem
1802 1337 1919 1418 fuisse.
2042 1377 2049 1380 ·

60 1440 368 1534 solitudo,propter
382 1440 513 1512 lineam
528 1455 679 1528 vestem,
703 1459 765 1516 aut
780 1467 836 1516 res
851 1445 994 1520 similes.
1171 1443 1241 1516 Sed
1259 1445 1303 1513 de
1316 1467 1372 1510 me
1386 1441 1457 1510 iam
1473 1433 1567 1508 nihil
1584 1440 1708 1510 dicam.
1759 1437 1841 1512 Scio
1867 1442 1905 1512 in
1924 1443 2061 1513 dissen·
2126 1483 2128 1492 ι
2251 1457 2255 1464 ·

72 1553 77 1558 “
137 1539 283 1614 Etiamsi
305 1567 375 1638 qua
396 1557 486 1615 esset
510 1543 683 1614 dissensio
705 1547 749 1616 de
773 1569 811 1616 re
838 1545 919 1630 tali,
935 1567 1020 1616 ,non
1070 1545 1231 1615 sionibus
1260 1543 1443 1623 civilibus,
1471 1564 1594 1610 omnes
1626 1563 1725 1611 casus
1758 1543 1926 1614 omnibus
1957 1569 2063 1638 expe-

58 1641 271 1714 obliviscenda
295 1657 397 1715 erant
425 1643 465 1714 in
487 1641 644 1716 Ecclesia
673 1659 858 1740 praecepta
885 1647 930 1716 de
963 1645 1021 1716 di·
1071 1649 1216 1719 ctandos
1233 1669 1324 1729 esse,
1347 1644 1419 1714 scio
1434 1642 1568 1713 rabiem
1590 1642 1791 1713 animorum
1815 1645 1922 1714 variis
1946 1647 2062 1716 modis

58 1743 200 1831 lectione,
216 1745 421 1836 praesertim
438 1770 519 1816 curn
537 1745 623 1818 sciat
637 1769 703 1818 nos
720 1747 760 1818 in
773 1771 901 1837 magno
920 1747 1020 1819 luctu
1071 1749 1226 1822 accendi.
1275 1743 1324 1820 Et
1338 1741 1467 1816 habere
1482 1737 1658 1814 Ftactam
1682 1767 1762 1814 suas
1779 1747 1946 1838 quasdam
1971 1747 2062 1817 faces

58 1867 129 1929 esse,
151 1860 183 1916 et
205 1871 269 1916 nec
287 1869 409 1936 regna,
435 1871 500 1916 nec
521 1870 604 1938 opes
621 1872 816 1941 quaereres
829 1873 904 1918 non
921 1861 1022 1920 crant
1071 1851 1335 1934 animadverto,
1361 1849 1421 1918 sed
1443 1857 1479 1917 et
1492 1846 1600 1916 vitam
1618 1867 1730 1917 meam
1747 1841 1824 1915 Deo
1843 1851 2064 1940 commendo,

18 1981 19 1990 κ
58 1945 198 2016 imitanda
222 1948 382 2039 exempla
408 1947 566 2018 civilium
580 1949 859 2035 dissensionum,
886 1950 924 2026 in
940 1951 1022 2043 qui·
1071 1947 1312 2022 etEcclesiam
1330 1947 1396 2020 Dei
1411 1971 1528 2017 veram
1551 1948 1588 2014 in
1610 1941 1667 2018 lris
1689 1945 1894 2036 regionibus
1917 1963 1950 2020 et
1963 1949 2063 2034 alibi,

18 2061 19 2068 ’
56 2045 120 2129 bus,
141 2047 200 2141 qui
215 2049 288 2119 sint
301 2050 500 2118 animorum
516 2050 685 2142 impetus,
707 2050 895 2144 proverbio
910 2051 1022 2140 signi-
1050 2054 1116 2121 'de
1139 2077 1209 2147 qua
1230 2051 1344 2121 multo
1366 2049 1478 2140 magis
1499 2073 1607 2142 qnam
1629 2049 1673 2117 de
1698 2069 1775 2117 mea
1797 2048 1867 2118 vita
1891 2051 2064 2122 sollicitus

56 2146 170 2216 iratum
187 2163 253 2219 est:
282 2147 366 2245 ὄφις
381 2145 429 2222 ἂν
445 2143 497 2242 μὴ
514 2143 618 2248 φάγῃ
635 2149 744 2248 ὅφιν,
758 2143 899 2245 μήποτε
912 2144 1022 2250 γενή-
1072 2175 1161 2228 surn.
1224 2151 1293 2224 Sed
1323 2146 1390 2222 hac
1417 2173 1475 2220 me
1494 2149 1734 2219 consolatione
1755 2162 1931 2236 sustento,
1965 2153 2064 2246 qnod

56 2267 134 2318 ossas
148 2243 312 2345 δράκων.
348 2249 413 2320 Ille
428 2274 513 2322 vero
527 2247 619 2322 mihi
632 2276 706 2322 non
724 2267 862 2326 tantum
877 2255 1023 2348 stylum,
1071 2254 1236 2348 promisit
1250 2248 1375 2341 Deus,
1406 2275 1442 2322 se
1463 2251 1568 2320 etiam
1591 2249 1783 2321 senescenti
1800 2245 1977 2322 Ecclesiae
1999 2255 2063 2324 ad-

57 2349 101 2416 sed
115 2350 175 2420 alia
191 2351 352 2422 minatur
366 2352 550 2424 atrociora.
600 2347 767 2445 Optarim
780 2379 846 2426 nos
862 2356 1022 2426 conferre
1072 2358 1232 2428 futurum
1250 2377 1332 2428 esse.
1383 2349 1432 2424 Et
1448 2351 1561 2422 Filius
1578 2348 1644 2421 Dei
1661 2351 1796 2444 inquit,
1811 2347 1985 2447 Ecceego
2002 2377 2064 2424 vo·

54 2472 153 2538 operas
169 2452 290 2542 potius
306 2453 351 2520 ad
371 2452 599 2524 illustrandos
614 2477 670 2524 res
686 2457 915 2541 necessarias,
939 2457 1023 2526 satis
1073 2457 1210 2528 hiscum
1231 2479 1312 2527 suns
1333 2452 1502 2526 omnibus
1524 2447 1668 2538 diebus,
1690 2475 1802 2550 usque
1824 2449 1879 2522 od
1897 2477 2065 2534 consum-

18 2571 19 2578 *
55 2550 128 2617 euim
151 2553 382 2622 certaminum
404 2566 530 2639 restat,
560 2569 704 2646 propter
727 2579 817 2650 quae
842 2557 1023 2628 internos
1072 2557 1269 2630 mationem
1291 2555 1415 2629 seculi.
1464 2555 1635 2634 seusus
1658 2551 1756 2624 Deus
1775 2555 1913 2649 aliquos
1944 2571 2064 2628 coetus

54 2652 157 2736 pacisci
171 2653 335 2723 inducias
357 2665 390 2723 et
410 2655 507 2724 velut
530 2657 798 2750 syncretismurn
821 2681 895 2728 non
914 2659 1022 2728 modo
1073 2663 1233 2732 custodes
1250 2660 1430 2731 doctrinae
1444 2653 1646 2746 Evangelii,
1667 2669 1701 2728 et
1718 2667 1810 2726 recte
1828 2657 1945 2750 ipsum
1959 2657 2064 2728 invo-

55 2751 150 2839 nobis,
176 2756 236 2824 sed
261 2754 329 2826 toti
343 2750 521 2824 Ecclesiae
541 2754 665 2827 utilius
683 2772 790 2839 esset,
817 2783 862 2828 ne
885 2759 1022 2828 accide-
1074 2777 1208 2848 cantes,
1231 2777 1265 2832 et
1286 2773 1326 2832 ut
1350 2761 1387 2830 in
1412 2755 1469 2828 bis
1491 2757 1695 2846 regionibus
1709 2756 1813 2828 etiarn
1830 2772 1963 2845 servet,
1988 2773 2063 2830 toto

54 2850 130 2924 deret
150 2853 260 2940 illud,
288 2857 384 2948 quod
401 2845 546 2925 Paulus
561 2855 696 2952 inquit,
716 2855 866 2952 βλέπετε
879 2855 932 2952 μὴ
948 2853 1022 2931 ὑπὸ
1074 2889 1153 2935 cum
1172 2877 1327 2956 pectore,
1354 2877 1387 2933 et
1401 2861 1493 2932 veris
1506 2859 1694 2949 gemitibus
1708 2882 1783 2932 oro.

54 2945 196 3046 ἀλλήλων
212 2951 448 3050 ἀναλωθῆτε.
498 2953 575 3047 Ego
594 2961 840 3051 responsiones
861 2963 1024 3030 modera—
1173 2963 1276 3034 Hanc
1292 2966 1433 3034 brevem
1447 2961 1712 3054 responsionem
1730 2959 1880 3052 opposui
1898 2959 2064 3031 clamori-

52 3052 151 3124 borex
165 3058 340 3144 utilitate,
360 3081 399 3128 ac
415 3080 516 3148 spero
532 3083 588 3128 mc
613 3073 646 3130 et
659 3061 813 3154 scriptis,
836 3077 869 3133 et
892 3063 1024 3132 multo-
1073 3059 1297 3148 sufflasti,
1324 3077 1485 3135 nontam
1499 3086 1576 3131 mea
1597 3085 1718 3146 causa,
1741 3065 1845 3155 quarn
1860 3085 1981 3133 earum
1993 3058 2063 3132 Ec-

50 3173 111 3223 rum
127 3151 359 3229 honestorum
382 3159 524 3229 iudiciis
538 3161 704 3231 adversus
726 3163 920 3234 calumnias
943 3163 1025 3234 satis
1076 3170 1260 3238 etesiarum
1276 3191 1396 3252 causa,
1422 3165 1626 3256 ubicunque
1644 3175 1746 3246 sunt,
1772 3163 1809 3230 iu
1826 3163 1960 3256 quibus·
1970 3165 2063 3233 mul.

51 3255 179 3331 delendi.
240 3258 335 3330 Nam
359 3274 394 3330 et
416 3259 476 3328 alii
500 3262 550 3352 pii
574 3275 608 3330 ct
629 3263 724 3333 docti
748 3263 816 3332 viri
841 3264 877 3333 in
903 3263 1025 3336 multis
1075 3286 1194 3341 torum
1216 3269 1358 3362 piorum
1380 3265 1490 3338 animi
1513 3258 1796 3355 scriptisFlacii
1815 3264 2062 3334 vulnerantur:
2139 3317 2141 3322 ,

50 3357 233 3444 regionibns
259 3386 334 3431 non
357 3361 483 3430 leviter
502 3361 644 3450 dolent,
667 3359 732 3434 has
748 3361 924 3436 Ecclesiae
940 3389 1026 3436 con·
1074 3371 1127 3442 Hi
1142 3384 1285 3442 teneant
1299 3366 1391 3454 hauc
1407 3367 1703 3450 consolationem,
1728 3365 1821 3458 quod
1844 3381 1978 3438 certum
2002 3377 2063 3446 est,

50 3456 200 3535 demnari·
1075 3477 1344 3547 fundamentum
1377 3471 1416 3539 in
1449 3465 1504 3538 his
1531 3463 1696 3536 Ecclesiis
1726 3465 1876 3536 fideliter
1907 3463 2063 3551 retineri,

129 3560 198 3633 sed
221 3577 262 3634 θῑ
282 3553 457 3632 madum
486 3576 521 3632 ii
544 3561 632 3632 ³¹5⁰⁵
657 3559 845 3653 idh⁰ri0rs
870 3567 1026 3658 ¹¹10083-
1075 3577 1239 3648 videlieet
1253 3575 1494 3663 incorruptam
1512 3593 1631 3638 vocem
1640 3563 1844 3656 Evangelii,
1868 3590 1990 3636 omnes
2006 3591 2064 3638 are

50 3669 125 3743 tent,
150 3665 240 3756 quid
264 3663 427 3733 futurum
450 3663 513 3749 sit,
539 3665 568 3732 si
595 3664 763 3760 utrinque
787 3667 941 3749 accensi,
967 3665 1026 3738 hi·
1076 3675 1317 3758 siculoslidei,
1342 3687 1376 3752 et
1398 3693 1500 3741 usum
1519 3669 1824 3740 sacramentorum
1840 3668 1917 3737 sine
1939 3691 2066 3738 corru-

49 3763 171 3832 storiam
188 3787 369 3835 annorum
381 3763 526 3854 triginta
541 3781 749 3858 repetemus.
798 3765 925 3858 Qualis
939 3763 1026 3842 haec
1076 3779 1189 3872 ptelis.
1238 3775 1320 3846 Tali
1344 3770 1682 3842 ministerio-adesse
1703 3767 1834 3838 Filium
1853 3764 1938 3852 Dei,
1965 3782 2000 3839 et
2024 3771 2063 3838 in

51 3861 102 3930 illi
115 3865 204 3934 leia?
1075 3881 1139 3952 tali
1154 3891 1254 3950 coetu
1271 3875 1436 3947 exarsdire
1452 3863 1656 3944 invocantes
1673 3869 1905 3939 certissimum
1921 3883 1989 3955 est,
2006 3895 2064 3940 su-

131 3963 241 4054 Quod
264 3965 369 4036 toties
395 3965 528 4056 profert
549 3965 664 4038 obiter
677 3969 770 4040 'dicta
787 3971 825 4039 in
841 3971 1025 4040 familiari-
1078 4007 1139 4073 pru
1168 4001 1309 4074 quoque
1341 3975 1426 4049 dixi.
1485 3971 1597 4042 Beue*
1615 3973 1710 4057 vale,
1742 3971 1891 4040 candide
1924 3963 2064 4043 Lector.

49 4060 100 4130 bus
126 4067 336 4160 colloquiis,
364 4065 438 4135 imo
468 4081 503 4136 et
525 4067 662 4138 somnia
686 4072 827 4156 recitat,
855 4072 1026 4158 ostendit,
1075 4075 1414 4157 Calendoctobris.
1443 4071 1553 4150 1549.

48 4187 101 4252 qua
116 4167 180 4236 lide
196 4167 375 4238 amicitiae
391 4179 424 4237 et
439 4167 687 4237 familiaritatis
701 4171 891 4242 iuracolat
913 4171 1025 4265 Saepe

48 4263 78 4330 in
93 4267 210 4338 dolore
226 4268 419 4338 familiares
433 4269 595 4362 querelae
607 4269 792 4340 liberiores
805 4286 906 4358 sunt,
922 4295 1024 4366 saepe

48 4365 237 4458 disputandi
256 4391 359 4440 causa
375 4391 437 4459 ego
460 4369 535 4460 ipsc
548 4366 791 4442 vehementius
806 4374 1026 4460 sententiam,
1123 4387 1127 4408 ¹

49 4487 135 4556 quam
158 4472 374 4563 amplector,
399 4491 586 4562 oppugno,
610 4497 686 4542 non
708 4474 854 4556 ludens,
884 4477 944 4546 sed
970 4477 1024 4546 di·
1075 4440 1269 4574 Q·

49 4573 149 4640 scendi
165 4595 291 4656 causa,
314 4584 357 4641 ut
370 4571 522 4640 aliorum
537 4571 807 4661 cogitationibus
823 4577 974 4650 erudiar.

1915 4442 1948 4506 6.
1966 4433 2038 4504 Oct.

1902 4523 2065 4556 w

133 4671 342 4758 Postremo,
365 4685 490 4741 natura
516 4695 591 4741 mea
613 4675 736 4744 multis
757 4689 841 4746 nota
855 4691 927 4764 est,
950 4701 1023 4748 non
1392 4630 1459 4716 1⁰·
1491 4627 1752 4715 Maiihfflw·
1860 4728 1870 4740 Α,

49 4769 157 4861 adpeto
175 4776 321 4844 taudem
336 4773 530 4858 torvirafis3
557 4775 616 4843 sed
632 4777 820 4847 mediocris
842 4781 1032 4849 essesut..
1143 4787 1420 4846 assassavvunssa
1435 4783 1687 4842 asansssssuou.
1701 4779 1872 4852 ssassaug.
1887 4795 1916 4849 ρ.
1930 4775 1982 4832 sss
1991 4792 2036 4850 sq,

48 4879 74 4936 m
211 4876 220 4892 ³
332 4875 341 4893 ⁸
563 4873 572 4891 ·
650 4875 659 4892 ⁸
811 4879 820 4897 ·
1007 4925 1026 4936 “
2051 4930 2058 4952 ι

49 4893 194 5044 liiiliiiaa
203 4877 909 5068 pbilialiilrl‘frirlioiil{aigeiiiorilbgi}
930 4879 1025 5064 fga,
1067 4941 1287 5016 Reverendo
1314 4944 1391 5020 viro
1414 4939 1615 5017 eruditione
1641 4953 1672 5015 ct
1692 4939 1821 5012 virtute
1848 4940 2067 5030 praestante,

49 5067 215 5158 βλακικόν
248 5090 315 5161 est,
352 5101 427 5146 non
460 5077 676 5157 officiosum,
710 5093 750 5150 ut
783 5077 877 5152 nihil
912 5083 1025 5154 dicam
1074 5045 1128 5124 D·
1156 5041 1372 5166 Ῑιθραηηὶ
1402 5045 1458 5118 M
1465 5043 1695 5167 alfhesio,
1725 5035 1878 5158 Pastori
1898 5030 2071 5154 melariae

49 5177 200 5262 aspertus.
263 5177 327 5248 Sin
349 5191 484 5258 autum,
518 5191 557 5248 ur
582 5179 621 5247 in
641 5181 792 5272 quadam
823 5197 921 5274 pm„
946 5207 1027 5254 suae
1111 5147 1189 5220 Des
1212 5173 1251 5220 m
1271 5145 1651 5254 chlelooobrmrca‚
1669 5147 1793 5247 fratrs
1815 5161 1882 5209 suo
1903 5155 2043 5213 octrsss.t

48 5263 214 5364 Epistulae
231 5279 420 5368 significat,
445 5277 510 5350 ubi
522 5274 609 5368 mihi
623 5279 759 5370 gladios
782 5283 887 5354 etiam
912 5285 1029 5356 mina·
1078 5265 1126 5356 S·
1153 5283 1199 5362 D.
1247 5277 1455 5361 Reverende
1478 5288 1533 5356 vir
1563 5299 1598 5356 et
1620 5283 1730 5352 amice
1756 5273 1943 5348 carissime.
1998 5271 2066 5346 Dei

50 5383 116 5453 tur,
143 5401 245 5448 casus
264 5380 466 5472 aliquisme
483 5381 696 5470 oppresserit
704 5407 1027 5480 ,quorumcunque
1065 5389 1249 5462 'beneficio
1273 5406 1307 5461 et
1327 5387 1484 5460 Ecclesia
1505 5385 1566 5457 hic
1589 5381 1708 5456 adbuc
1731 5375 2007 5473 tranquillaret,
2032 5387 2068 5445 et

91 5481 268 5548 tlssssru.
284 5485 386 5552 Orsa.
414 5485 496 5550 Vos.
514 5483 588 5552 Vll.
843 5563 849 5572 ‚
1408 5491 1455 5562 81
