4616 5812
57 243 121 320 dli
617 237 1056 324 eeterouettuu
1103 241 1302 324 LlEXl.
1355 241 1485 322 tete.
2004 243 2081 322 894

55 415 80 488 si
104 415 177 510 quis
198 413 377 512 loquitur,
406 427 579 511 tanquam
606 418 752 490 oracula
773 416 842 490 Dei
867 431 969 491 sonet
986 415 1033 516 ⁸).
1161 413 1264 518 lubet
1281 411 1539 488 autemPaulus
1554 413 1685 488 deinde
1702 415 1827 506 docere
1842 427 1877 488 et
1891 415 2080 502 consolari,

54 513 267 590 Manifestum
298 513 351 590 eit
373 531 511 604 autem,
537 519 712 592 divinitus
734 519 936 592 institutum
959 545 1032 592 esse
1079 515 1166 593 baec
1189 533 1274 592 sunt
1289 519 1523 612 interpretum
1537 519 1693 612 propria.
1745 517 1785 592 Si
1797 509 1892 588 nibil
1906 516 1977 588 nisi
1989 541 2080 611 pue-

54 617 271 692 ninieterium
285 620 437 694 docendi
451 615 640 712 Evangelii
666 621 785 694 statim
802 623 926 702 initio,
952 649 1032 694 cum
1078 623 1156 694 rilis
1172 623 1276 694 lectio
1292 633 1559 716 proponeretur,
1573 621 1687 693 multo
1703 620 1887 714 panciores
1901 618 2079 712 iutellige-

53 719 147 814 primi
160 735 321 814 parentes
340 735 420 816 post
435 721 572 814 lapsum
590 725 722 817 recepti
738 737 823 796 sunt
840 725 932 796 edita
948 749 1033 817 pro·
1079 739 1159 798 rent
1174 725 1259 819 quid
1277 737 1457 814 ageretur,
1483 747 1524 794 ac
1538 722 1653 796 voluit
1669 721 1766 794 Deus
1782 721 1981 794 nonlibroe
1996 735 2078 796 tan-

53 824 220 909 nissione,
244 838 280 897 et
299 819 368 896 hoc
389 835 528 896 tantum
544 849 690 910 munus,
717 850 780 919 per
795 828 890 922 quod
907 823 1032 898 Eccle-
1078 839 1154 898 turn
1171 841 1306 912 extare,
1327 828 1388 896 sed
1404 825 1510 896 simul
1524 849 1646 896 vocem
1663 825 1852 896 ministerii
1866 847 2012 907 sonare,
2036 837 2079 898 ut

52 923 177 996 siaDeo
192 941 334 998 aeterna
352 923 549 1017 colligitur,
574 927 748 998 divinitus
768 929 808 998 in
822 951 948 1019 genere
963 925 1032 1000 hu·
1078 931 1242 1002 rudiores
1258 927 1521 1000 commonelieri
1542 927 1689 1020 possint.
1740 923 1881 998 Teneat
1902 926 2077 1020 interpres
2122 951 2125 964 ·

51 1051 141 1096 nano
163 1028 384 1114 conservari,
420 1029 512 1098 sicut
534 1042 569 1100 et
596 1031 641 1100 ad
662 1025 839 1122 Ephesios
863 1031 1032 1126 scriptum
1079 1031 1262 1104 doctrinae
1290 1055 1483 1116 summam,
1518 1029 1702 1100 collectam
1733 1053 1773 1098 ex
1794 1022 2017 1120 Propheticis
2042 1039 2078 1098 et

50 1143 107 1214 est,
120 1128 179 1200 ubi
194 1129 389 1222 explicetur
403 1125 472 1202 hoc
487 1129 641 1202 dictum:
667 1133 766 1202 sedet
779 1131 873 1202 tilius
889 1135 933 1202 ad
947 1135 1033 1204 dex·
1078 1131 1294 1226 Apostolicis
1313 1131 1574 1226 monumentis,
1600 1155 1691 1226 quae
1708 1143 1750 1202 ut
1764 1129 1802 1198 in
1815 1143 2005 1224 conspectu
2019 1129 2078 1214 sit,

49 1244 125 1302 tram
140 1233 275 1302 aeterni
289 1232 419 1324 patris,
444 1245 480 1302 et
496 1232 590 1304 dona
613 1234 675 1304 det
691 1228 911 1305 hominibus.
962 1231 1033 1306 Ec·
1080 1249 1232 1306 vetustas
1247 1235 1405 1330 symbola
1426 1233 1608 1318 condidit,
1634 1233 1754 1302 dextre
1776 1231 1949 1322 intelligat
1965 1251 2078 1322 genus

50 1333 137 1402 clesia
153 1333 271 1424 genita
284 1347 339 1405 est
352 1355 437 1404 voce
449 1333 699 1428 promissionis
715 1338 758 1405 de
775 1334 848 1406 filio
857 1335 937 1418 Dei,
960 1333 1030 1408 Ubi
1079 1337 1272 1420 sermonis,
1308 1335 1427 1406 videat
1448 1337 1586 1406 diversa
1611 1333 1770 1404 membra
1793 1333 1996 1414 doctrinae,
2020 1357 2078 1403 sa-

51 1428 122 1506 baec
154 1435 348 1520 amittitur,
381 1435 540 1526 extingui
573 1431 768 1508 Ecclesiam
803 1459 942 1508 necesse
968 1451 1031 1512 est.
1078 1433 1260 1532 pienter⁸)
1277 1437 1453 1510 discernat
1466 1435 1595 1526 Legem
1611 1449 1646 1508 et
1659 1431 1917 1526 Evangelium‚
1935 1433 2078 1530 sapien·

50 1533 172 1607 Deinde
194 1551 332 1610 ruentes
354 1537 584 1628 vagabundae
605 1539 724 1608 varios
745 1535 838 1608 Deos
858 1545 894 1610 et'
915 1540 1032 1610 cultus
1078 1541 1162 1613 tiam
1187 1539 1369 1633 politicam
1401 1551 1436 1610 et
1462 1537 1661 1608 doctrinam
1683 1533 1862 1608 Ecclesiae
1883 1535 2078 1631 propriam,

50 1639 368 1726 comminiscuntur,
391 1651 433 1710 ut
446 1641 540 1740 apud
559 1635 734 1710 Etbnicoe
747 1641 893 1738 accidit,
917 1655 951 1712 et
965 1637 1031 1732 hos
1076 1643 1196 1714 videat
1210 1645 1253 1712 ad
1272 1665 1377 1734 quern
1392 1639 1497 1709 finem
1508 1639 1686 1734 quaelibet
1698 1639 1882 1710 doctrinae
1897 1661 1977 1731 pars
1991 1661 2079 1732 pro-

50 1739 170 1811 lurores
189 1741 359 1812 diabolus
378 1755 501 1832 anget,
525 1754 567 1812 ut
589 1740 703 1812 Deum
726 1742 942 1814 contumelia
967 1745 1031 1814 ad·
1077 1745 1154 1838 pris
1176 1743 1359 1814 reserenda
1380 1742 1437 1812 sit.
1486 1739 1652 1836 Denique
1675 1741 1721 1812 sit
1737 1765 1810 1811 non
1825 1741 1926 1812 rudis
1944 1737 2078 1812 Gram-

50 1839 145 1926 biae,
177 1857 211 1914 et
239 1842 459 1914 miserrimae
492 1837 684 1914 hominum
721 1857 868 1914 naturae
894 1845 1031 1916 illudat.
1077 1845 1223 1917 maticae
1248 1859 1284 1916 et
1307 1843 1538 1928 Dialecticae,
1563 1868 1628 1914 nec
1654 1842 1700 1914 sit
1723 1843 1866 1933 ignarus
1891 1841 2078 1913 exercitiu-

53 1941 118 2012 ldeo
138 1945 199 2014 alii
223 1943 418 2030 Venerem,
451 1941 514 2016 alii
533 1941 733 2030 Bacchum,
769 1945 832 2016 alii
854 1945 923 2016 alia
945 1971 1030 2039 por·
1077 1973 1156 2018 rum
1182 1947 1424 2041 poenitentiae
1451 1959 1486 2016 et
1508 1944 1760 2028 invocationis,
1793 1945 1840 2015 sit
1865 1943 1986 2038 aliqua
2015 1945 2078 2014 lux

51 2059 145 2132 tenta,
170 2071 263 2142 quae
278 2048 424 2116 recitare
437 2047 818 2137 uolo‚ercogitarunt.
869 2046 966 2119 Haec
984 2072 1029 2118 ne
1077 2050 1159 2120 bdei
1173 2051 1212 2119 in
1228 2059 1358 2124 mente.
1410 2045 1510 2118 Talis
1525 2041 1697 2141 Lector²)
1717 2045 1821 2132 sciet,
1847 2047 1934 2140 quid
1950 2045 1997 2118 sit
2019 2045 2078 2116 in·

50 2148 134 2232 liant,
159 2149 279 2242 inquit
297 2145 453 2230 Paulus,
478 2149 640 2220 accendit
661 2147 758 2218 Deus
780 2149 894 2220 lucem
907 2146 1027 2222 Evan·
1076 2151 1263 2245 terpretari
1287 2175 1348 2222 seu
1364 2149 1510 2233 docere,
1532 2159 1567 2219 et
1590 2149 1770 2242 quomodo
1793 2148 2001 2220 mdioribus
2016 2171 2077 2218 or·

51 2250 117 2340 gelii
135 2251 173 2320 in
191 2247 371 2336 Ecclesia,
396 2273 462 2320 uec
485 2273 561 2320 eam
586 2271 733 2341 prursus
754 2241 910 2342 extingui
933 2253 1030 2338 sinit,
1076 2255 1160 2324 dine
1175 2253 1332 2323 membru
1348 2251 1531 2322 doctrinae
1551 2250 1782 2342 proponenda
1798 2250 1889 2332 sint,
1915 2249 2077 2320 monebit

49 2365 76 2420 et
86 2353 229 2422 subinde
245 2365 413 2431 renovat,
439 2371 484 2421 ne
500 2351 611 2421 aniuri
628 2351 840 2424 fluctuantes
859 2365 1028 2448 tanquam
1074 2357 1187 2426 multa
1212 2357 1257 2424 de
1284 2348 1427 2446 phrasi,
1460 2353 1504 2422 de
1530 2352 1658 2422 ordine
1692 2351 1849 2443 partium
1880 2349 2077 2428 doctrinae.

50 2455 142 2524 ventis
170 2455 341 2524 salsentur
371 2452 585 2547 opinionum
612 2452 808 2545 agitentur,
841 2467 876 2528 et
900 2479 921 2528 u
945 2479 1028 2527 vero
1075 2457 1188 2529 Nemo
1223 2456 1341 2542 enim,
1374 2453 1444 2523 nisi
1479 2453 1607 2523 ordine
1640 2465 1857 2536 monstrato,
1890 2451 2077 2546 perspicue

49 2549 296 2628 Deoaberrent·
1074 2557 1196 2631 doceri
1216 2571 1348 2650 potest,
1385 2551 1518 2650 Aliqua
1547 2554 1752 2626 communia
1782 2555 1940 2644 evolvet,
1969 2577 2077 2626 mor»

128 2657 198 2729 Nec
221 2676 311 2728 veto
338 2655 460 2756 gignet
482 2651 668 2748 Evangelii
696 2655 861 2729 minister
893 2677 1028 2727 novum
1074 2661 1200 2734 strabit
1214 2683 1359 2751 genera,
1383 2669 1419 2727 et
1434 2655 1612 2730 discernet
1628 2657 1773 2749 species.

49 2759 207 2830 doctrinae
230 2773 364 2846 genus,
377 2773 431 2830 ‘ut
452 2751 643 2850 Orpbeus,
663 2757 798 2844 Numa,
822 2773 884 2831 aut
899 2757 1027 2829 Hesio·
1174 2761 1277 2852 Legit
1291 2755 1472 2832 Iulianus
1492 2750 1561 2829 hoc
1582 2759 1736 2844 dictum,
1762 2751 1951 2830 Aulerenti
1974 2759 2076 2833 tuni-

49 2863 116 2944 dus,
135 2863 195 2934 sed
217 2861 269 2932 sit
292 2875 410 2932 emtus
424 2859 521 2931 vocis
541 2857 656 2930 aDeo
671 2861 821 2932 traditae
836 2861 946 2946 lidus,
971 2860 1027 2930 vi·
1073 2889 1168 2951 cam,
1199 2865 1363 2958 relinque
1385 2873 1421 2933 et
1444 2861 1613 2953 pallium,
1638 2859 1708 2930 Hic
1730 2861 1878 2954 putabat
1899 2862 2075 2934 conlundi

49 2961 157 3050 elem,
181 2962 348 3056 lflplfflbs
368 2984 443 3032 ¹¹⁰ss
458 2961 557 3034 ludis
573 2960 779 3049 literarum,
803 2975 839 3034 et
854 2957 946 3033 hanc
961 2985 1027 3054 pe-
1073 2981 1187 3040 totum
1211 2967 1396 3060 politicum
1419 2963 1604 3046 ordinem,
1638 2963 1718 3034 tolli
1744 2961 1988 3034 dominiorum
2017 2963 2075 3034 di-

49 3064 116 3154 pnlo
129 3077 304 3158 proponat
321 3065 467 3148 urdine,
493 3077 530 3135 et
548 3063 603 3132 vie
619 3087 710 3157 quae
726 3065 765 3135 in
786 3065 946 3134 docendo
962 3087 1026 3134 ne-
1072 3069 1316 3152 stinctionem‚
1346 3064 1483 3136 aboleri
1513 3064 1645 3135 iudicia
1670 3075 1706 3135 et
1731 3063 1909 3156 legitimas
1927 3087 2074 3158 poenae.

50 3167 172 3238 cessaria
198 3181 271 3252 est,
293 3177 330 3236 et
355 3165 486 3236 refutet
504 3165 732 3256 corruptelas.
789 3163 887 3236 Haec
909 3165 1024 3262 officia
1072 3169 1224 3240 Talibus
1250 3167 1537 3239 dubitationibus
1564 3167 1748 3262 medeatur
1780 3166 1922 3258 sapiens
1954 3163 2073 3240 luter·

48 3269 186 3342 attribuit
211 3267 345 3340 Paulus
368 3263 559 3356 Evangelii·
577 3267 759 3351 ministro,
784 3289 865 3336 curn
887 3266 954 3338 ait:
976 3267 1025 3336 sis
1071 3296 1172 3364 pres,
1204 3285 1239 3342 et
1267 3283 1308 3342 ut
1333 3269 1461 3340 artilex
1483 3269 1636 3340 deducat
1654 3268 1858 3364 auditorem
1877 3270 1923 3339 ad
1945 3269 2073 3356 lentes,

49 3367 175 3458 diligens
187 3384 226 3442 et
239 3369 413 3440 adsiduus
427 3368 465 3438 in
480 3369 649 3459 legendo,
673 3363 891 3438 consolando
908 3382 943 3439 et
958 3369 1032 3438 do-'
1070 3374 1233 3445 ostendat
1252 3369 1487 3463 Evangelium
1510 3370 1718 3442 concionari
1738 3371 1785 3440 de
1806 3370 1888 3441 luce
1900 3369 1941 3439 iu
1953 3371 2073 3444 cordi-¹

48 3473 148 3542 cerdo.
199 3470 306 3544 lubet
329 3471 442 3540 ordiri
466 3492 532 3541 nes
554 3494 574 3542 a
597 3469 760 3544 lectione.
811 3463 1023 3541 Arithmeti·
1071 3478 1137 3546 bus
1163 3489 1198 3546 et
1225 3489 1368 3546 aeterua
1393 3472 1555 3558 iusticia,
1589 3470 1693 3542 Foris
1726 3485 1847 3544 autem
1876 3471 2071 3544 concedere

48 3593 105 3640 cam
122 3597 196 3644 non
216 3573 422 3648 ordimur-a
446 3572 614 3657 teutone,
639 3575 700 3642 sed
718 3584 844 3642 natura
862 3570 938 3664 ipsa
954 3595 1024 3642 nu·
1069 3599 1174 3648 usum
1200 3599 1319 3647 rerum
1344 3575 1588 3668 politicorum,
1620 3585 1661 3644 ut
1682 3573 1754 3644 cibi
1776 3585 1812 3643 et
1839 3585 1964 3664 potus,
1989 3567 2072 3668 et⁸)

48 3675 253 3746 nuationem
275 3673 397 3757 docet,
417 3688 464 3745 et
483 3672 660 3766 principia
682 3672 876 3744 adserimus
899 3675 943 3742 ad
964 3697 1022 3744 ar·
1069 3679 1156 3775 quid
1179 3679 1226 3750 sit
1249 3677 1415 3769 politicus
1432 3675 1522 3746 ordo
1540 3687 1712 3766 exponat,
1736 3697 1777 3744 ac
1792 3674 1972 3746 discernat
1992 3675 2071 3768 pri-

48 3785 110 3846 ten.
158 3773 208 3847 lea
222 3775 433 3848 de'cseteris
449 3773 666 3866 disciplinis,
689 3797 780 3870 quoe
798 3775 1022 3846 demonstra·
1069 3795 1185 3854 vatam
1207 3779 1403 3851 vindictam
1427 3779 1472 3847 ab
1498 3776 1628 3848 ordine
1648 3775 1817 3869 politico,
1846 3797 1951 3870 quem
1971 3773 2069 3848 Deus

46 3873 433 3964 tionibus-emuntur,
454 3874 531 3948 dici
544 3887 678 3970 putest3
704 3878 766 3948 sed
784 3871 1021 3966 Evangelium
1069 3897 1102 3954 et
1126 3883 1283 3954 instituit
1305 3893 1340 3952 et
1364 3879 1549 3972 adprobat.
1608 3875 1688 3949 Etsi
1720 3877 1831 3968 igitur
1855 3899 1931 3946 non
1954 3877 2069 3969 gignit

46 3973 192 4052 diesiroile
216 3993 270 4052 eet
291 3973 557 4072 Philosophiae.
607 3976 841 4072 Nequaquam
862 3979 1022 4050 nascitur
1071 3973 1248 4076 interpres
1274 3989 1405 4052 novam
1430 3980 1652 4065 doctrinam,
1682 3991 1802 4050 tamen
1835 3999 2004 4068 magnum
2031 3995 2068 4054 ct

46 4079 212 4152 nobiscum¹
221 4080 355 4159 noticia
369 4078 620 4172 promissionis
631 4080 775 4150 divinae
793 4081 839 4150 de
859 4079 1021 4152 reconci-
1067 4087 1212 4158 difficile
1234 4107 1324 4177 opus
1348 4083 1517 4167 sustinet,
1549 4079 1632 4175 quia
1655 4093 1774 4151 mente
1798 4093 1921 4178 totum,
1936 4103 2069 4174 corpus

45 4175 166 4254 latione
187 4196 335 4276 propter
357 4182 483 4254 lilium.
531 4179 604 4254 Sed
621 4175 708 4252 haec
724 4205 792 4251 vor
812 4181 1021 4273 promissio·
1066 4188 1248 4262 doctrinae
1264 4185 1423 4256 coelestis
1437 4181 1684 4276 complectens,
1699 4181 1834 4253 iudicat
1847 4205 2067 4276 quaemem-

45 4277 273 4356 nisdeereten
287 4279 342 4355 est'
351 4284 530 4377 prolatum
544 4305 587 4354 ex
600 4305 731 4354 arcano
753 4284 904 4353 consilio
924 4285 1020 4354 divi·
1065 4293 1128 4363 bra
1151 4287 1400 4380 coniungenda
1425 4299 1461 4357 ct
1482 4285 1759 4376 coagmentanda
1785 4283 1877 4368 siut,
1896 4305 1987 4378 quae
2003 4285 2064 4358 di-

45 4379 161 4468 neus,
184 4400 220 4458 et
235 4385 349 4458 littei!
363 4386 570 4455 mandatum
586 4407 650 4476 per
663 4381 805 4469 Patres,
820 4379 1018 4478 Prophetes
1064 4393 1244 4476 vellendas,
1269 4388 1407 4482 quaerit
1429 4387 1575 4460 idoneas
1592 4385 1821 4480 ⁸singulorum
1840 4383 2068 4460 definitiones

45 4477 275 4575 ctdpustoles,
300 4500 334 4556 et
357 4485 557 4558 illustribus
578 4483 646 4558 Dei
663 4484 892 4572 testimoniis,
917 4509 1018 4557 resu—
1063 4507 1098 4564 et
1119 4493 1331 4577 divisiones,
1364 4489 1499 4562 indicat
1532 4488 1619 4586 quid
1644 4483 1863 4576 extingulis
1891 4487 2066 4560 membris

45 4583 203 4658 emtione
218 4601 443 4660 munerum
465 4601 502 4659 ee
523 4587 606 4656 aliie
619 4587 802 4658 miraculis
823 4589 1015 4658 cont'nrna·
1061 4597 1158 4670 bona
1180 4593 1432 4688 consequentia
1452 4590 1686 4662 extruendum
1701 4588 1766 4674 sit,
1792 4599 1826 4659 et
1849 4588 1980 4662 return
2002 4613 2063 4662 ca·

46 4693 101 4756 lut·
140 4685 217 4762 llac
232 4713 319 4760 voce
333 4711 415 4759 enm
430 4685 625 4760 Ecclesiam
642 4687 741 4778 gigni
762 4703 796 4758 et
812 4689 931 4780 colligi
950 4711 1015 4760 ne-
1052 4696 1231 4779 ‘lumnias,
1258 4720 1348 4788 quae
1364 4693 1478 4786 specie
1492 4691 1610 4786 aliqna
1626 4688 1786 4762 incautos
1801 4689 2000 4782 decipiunt.

47 4807 118 4856 cerm
131 4791 191 4876 sit,
215 4815 306 4886 qnae
321 4791 360 4860 in
372 4790 614 4862 momrmentis
629 4785 851 4880 Propheticis
865 4805 900 4862 et
912 4786 1013 4884 Apo-
1150 4797 1253 4887 Legit
1268 4797 1368 4868 rudis
1383 4795 1531 4890 uliquis:
1555 4794 1595 4864 in
1609 4791 1786 4886 principio
1807 4805 1882 4864 erat
1897 4791 2061 4863 verbum.

48 4887 156 4960 stolicis
172 4892 278 4964 nobis
303 4892 431 4964 tradite
445 4904 518 4978 est,
552 4891 636 4962 satie
657 4889 812 4981 intelligi
835 4905 966 4982 potest,
991 4915 1011 4962 a
1058 4897 1165 4970 Hunc
1183 4919 1322 4968 necesse
1336 4896 1558 4980 estmoneri,
1586 4893 1743 4966 Verbum
1759 4889 1827 4964 hoc
1842 4893 1921 4964 loco
1935 4913 2062 4987 perso-
2208 4887 2212 4895 ’

49 4983 172 5062 lectione
197 4995 412 5090 ordiendum
435 5014 520 5063 essu
569 4989 636 5064 Est
659 4990 770 5081 igitur
795 4993 950 5084 primum
977 5007 1012 5064 et
1058 4999 1369 5090 namsigniticare,
1392 4995 1687 5070 videlicetfilium
1698 4993 1788 5083 Dei,
1811 4993 2059 5089 quislibinu-

49 5091 245 5183 praecipuum
264 5119 394 5168 munus
407 5093 564 5166 doctoris
577 5093 615 5162 in
629 5089 803 5177 Ecclesia,
821 5093 935 5184 legere
948 5117 1011 5185 po-
1057 5149 1265 5170 ........

51 5191 117 5276 pelo
127 5193 469 5292 librosPropbeticos
484 5189 753 5290 etApostolicos
766 5195 812 5264 ad
827 5197 987 5270 verbum.
1090 5241 1121 5310 6)
1136 5235 1221 5296 nest.
1237 5241 1404 5308 septennem.

53 5335 224 5366 ⁵---
697 5343 702 5350 ·
1091 5325 1218 5398 nocet.
1239 5324 1340 5382 narro.

77 5409 100 5474 l)
114 5410 225 5472 Bectan.
238 5417 334 5474 auset.
1091 5413 1120 5483 ⁸)
1137 5421 1168 5466 es
1183 5411 1214 5467 in
1226 5407 1305 5466 Deci.
1318 5408 1554 5481 praetermissuri.
