4658 5818
242 234 319 318 stt
825 229 1262 314 EPISTOLARUM
1310 231 1419 320 ms.
1440 235 1524 320 llll.
1577 235 1709 316 test.
1908 325 1917 334 ⁸
2129 295 2138 330 .‚
2205 245 2274 322 stt

144 445 146 452 ,
246 415 359 494 Dom.
380 403 523 486 Petro
558 405 828 497 Vincentio,
858 405 1087 506 gubernanti
1107 403 1237 496 studio
1291 403 1388 482 Viro
1403 403 1629 492 clarissino,
1655 403 1858 484 eruditione
1870 421 1903 484 et
1919 411 2050 488 virtute
2090 419 2275 502 roestanti,

395 513 588 588 tr'tersrum
606 511 646 584 in
665 509 807 608 inclyto
823 506 1083 588 urdeLoheca.
1287 505 1344 582 D.
1376 503 1555 582 Ioanni
1584 507 1810 606 Stigstio,
1850 509 1935 584 Deo
1965 524 1999 587 et
2074 519 2154 590 uses
2184 541 2274 606 curo,

245 653 294 742 S.
318 663 363 740 D.
413 659 462 735 Et
477 663 542 735 tibi
559 663 706 754 gratiam
723 657 857 747 haheo,
880 663 975 757 quod
996 655 1197 734 Valentini
1207 651 1236 756 ¹)
1439 611 1559 682 ⁰m¹⁸⁶⁰
1574 609 1718 712 γνησίῳ
1737 609 1802 686 ”l
1817 609 2005 714 Ψὼάῐφ»
2031 617 2068 691 s·
2083 621 2128 695 D·

244 787 410 860 eugenos
434 765 717 835 benevolentiam
739 763 942 846 confirmas,
969 775 1004 832 et
1031 757 1236 834 Valentino
1287 741 1392 828 Mihi
1421 779 1524 845 vero,
1556 759 1673 836 caries.
1698 755 1853 856 Selgeis,
1884 775 1919 836 et
1944 765 2129 838 assiduitas
2155 783 2215 840 tna
2241 771 2273 840 in

245 869 373 962 gratias
394 889 478 958 ago,
503 868 598 960 quod
616 867 659 934 ad
680 887 745 934 nos
761 864 923 945 accessit,
948 877 1037 934 utet
1052 865 1097 934 de
1113 861 1234 933 amici-
1288 860 1475 930 scribendo
1499 861 1697 951 gratissima
1716 877 1788 948 est,
1826 877 1861 936 et
1883 865 2023 956 elegans
2044 867 2196 940 facilitas
2218 896 2274 940 ne·

245 972 295 1044 tia
319 981 437 1039 nostra
460 980 495 1038 et
510 970 554 1036 de
571 963 727 1036 Ecclesia
742 987 859 1036 coram
872 965 1025 1056 colloqui
1043 985 1235 1056 possemus.
1288 973 1383 1034 ctare
1405 961 1555 1036 dulcior.
1604 960 1676 1033 Nec
1699 959 1789 1032 mihi
1808 988 1967 1058 unquam
1985 967 2044 1036 illa
2060 966 2273 1042 Graecorum

246 1069 422 1166 Aequievi
445 1061 614 1138 nonnihil
638 1067 676 1135 in
695 1065 763 1134 viri
778 1065 1044 1158 prudentissimi
1058 1079 1092 1136 et
1103 1065 1235 1134 fidelis·
1289 1063 1333 1132 de
1346 1055 1586 1154 Xenophonte
1600 1065 1771 1136 sententis
1788 1065 1938 1157 placuit,
1961 1091 2064 1160 quem
2081 1071 2207 1142 dicunt
2224 1067 2273 1142 bi-

245 1172 326 1245 simi
340 1170 576 1242 sermonibus.
611 1164 692 1241 Οὐκ
706 1163 782 1238 ἔστι
797 1160 837 1238 di
851 1159 966 1260 λύπης
980 1164 1068 1238 ἄλλο
1083 1159 1237 1264 ῳάρμο-
1289 1161 1434 1234 storiam
1449 1163 1627 1256 scripsisse
1640 1157 1757 1258 ἡδέως
1770 1159 1843 1258 μὲν
1856 1163 1930 1238 ttt’
1946 1165 1993 1241 οὐ
2011 1176 2151 1256 καλῶς,
2179 1169 2274 1242 Thu.

245 1297 315 1347 stov
328 1270 498 1368 βροτοῖς,
523 1263 575 1350 ὥς
588 1263 726 1362 ἀνδρὸς
740 1263 880 1340 ἐσθλοῦ
894 1261 958 1338 καὶ
972 1263 1084 1362 φίλου
1100 1260 1237 1362 nepai·
1289 1263 1451 1360 tydidem
1474 1289 1560 1338 vero
1584 1269 1707 1348 καλῶς
1727 1263 1797 1360 οὐχ
1817 1261 1944 1362 ἡδέως.
2012 1267 2110 1344 Mihi
2136 1275 2273 1366 quidem

245 1394 361 1458 νεσις,
395 1371 513 1466 inquit
534 1392 677 1460 gessem
700 1371 817 1460 poita.
879 1364 932 1438 Ac
954 1369 1057 1450 volo,
1089 1370 1184 1440 inter
1202 1381 1237 1440 te
1289 1365 1349 1436 illa
1375 1364 1476 1436 suavi
1508 1379 1544 1438 et
1567 1365 1717 1458 limpida
1741 1369 1857 1440 forma
1881 1370 2053 1444 orationis
2079 1369 2176 1444 nihil
2201 1375 2274 1466 pul·

246 1477 364 1568 ipsum
388 1487 421 1544 et
445 1497 500 1542 me
523 1483 701 1570 aeternam
716 1469 907 1540 amicitiam
926 1491 1017 1556 esse,
1043 1483 1077 1541 et
1093 1471 1236 1564 quidem
1289 1461 1428 1554 chrius,
1451 1466 1556 1538 etism
1574 1461 1666 1538 nihil
1681 1469 1863 1542 venustius
1881 1471 2032 1544 videtur.
2076 1472 2273 1568 ltaquctibi

247 1601 289 1647 eo
311 1573 399 1660 coli,
425 1587 466 1644 ut
487 1571 690 1644 coniunctio
717 1585 835 1643 nostra
852 1571 964 1664 prosit
978 1565 1179 1656 Ecclesiae,
1203 1583 1238 1642 et
1288 1567 1417 1660 gratiss
1434 1590 1499 1658 ego
1517 1567 1619 1640 toties
1636 1583 1708 1642 tam
1723 1585 1882 1644 amanter
1895 1573 2081 1656 scribenti,
2108 1589 2144 1646 et
2159 1590 2194 1648 te
2208 1601 2274 1660 oro,

246 1677 287 1748 in
308 1675 370 1746 illa
385 1672 526 1746 coelesti
542 1673 796 1744 consuetudine
811 1673 884 1744 lrui
897 1667 964 1744 hac
980 1685 1101 1746 nostra
1114 1670 1237 1744 amici-
1288 1683 1348 1754 ut,
1374 1669 1487 1740 donec
1508 1671 1667 1766 colloqui
1681 1695 1884 1766 possumus,
1909 1667 1975 1746 boc
1991 1677 2108 1746 officio
2126 1679 2274 1748 benevo-

246 1779 295 1850 tia
308 1773 495 1870 possimus.
536 1769 700 1844 Omnino
716 1786 837 1844 contra
850 1773 1003 1844 furiosos
1019 1788 1055 1844 et
1066 1773 1238 1844 lunaticos
1290 1771 1436 1842 lentiam
1456 1783 1616 1842 mutuam
1630 1771 1859 1848 declaremus.
1912 1767 1989 1868 Τὴν
2011 1770 2143 1872 ἑορτὴν
2159 1775 2274 1872 Bapti-

246 1877 409 1950 homines
428 1875 613 1968 oportebat
634 1876 811 1946 bonorum
834 1887 869 1946 et
886 1875 1071 1946 doctorum
1085 1875 1238 1946 coniun-
1290 1885 1383 1952 stne,
1407 1871 1617 1942 celebratam
1642 1895 1662 1942 a
1686 1886 1720 1946 te
1740 1899 1824 1946 vcro
1847 1873 1984 1959 officio,
2014 1877 2114 1946 brevi
2133 1880 2275 1954 mittam.

246 1981 399 2054 ctionem
421 1976 614 2046 finnionem
636 1997 719 2049 esse.
771 1973 888 2046 'Euam
908 1977 1091 2066 epistolam
1112 1977 1158 2045 dc
1173 1997 1238 2068 pe-
1289 1965 1531 2058 DcBusilio,
1562 1994 1691 2064 genero
1709 1967 1867 2046 Antonii
1878 1969 2039 2062 Musae,
2063 2003 2185 2050 meum
2200 2004 2274 2050 oon·

9 2171 16 2182 ¹
129 2163 131 2168 ,
247 2079 351 2154 cunia
367 2076 591 2172 Hieronymo
607 2073 639 2172 ²)
658 2075 831 2148 mittenda
853 2071 999 2148 exhibui
1016 2078 1091 2169 ipse
1106 2073 1239 2151 Hiero-
1290 2075 1410 2145 silium
1424 2087 1495 2160 est,
1519 2087 1559 2146 ut
1574 2096 1610 2144 se
1629 2075 1673 2146 ad
1689 2067 1973 2150 Ecclesiasticum
1989 2103 2118 2150 munus
2136 2105 2275 2174 prespe-

246 2205 373 2278 nymo,
404 2203 464 2265 ac,
491 2180 523 2249 si
545 2179 632 2273 quid
654 2199 837 2276 accepero,
869 2179 1017 2250 reddam
1041 2181 1134 2250 bons
1157 2177 1238 2258 fide,
1290 2190 1394 2252 reret.
1445 2173 1501 2248 lta
1519 2175 1622 2246 facile
1645 2189 1680 2248 et
1694 2177 1763 2250 cito
1780 2177 1982 2249 eiinvcniri
1997 2180 2142 2252 nidulus
2161 2195 2276 2273 potest.

246 2283 356 2354 veteri
380 2281 548 2352 lor-mula:
581 2279 677 2351 inter
697 2279 812 2350 bonos
837 2281 927 2350 benc
948 2279 1053 2372 agier.
1104 2278 1238 2351 Natura
1291 2270 1441 2349 Scholae
1455 2275 1638 2372 pauciores
1654 2291 1748 2350 sunt.
1779 2277 1863 2350 Non
1877 2279 1926 2350 ita
1941 2281 2053 2354 multo
2070 2295 2155 2352 ante
2172 2281 2276 2354 Num·

245 2379 469 2478 Hieronymi
488 2383 583 2452 bons
598 2395 669 2461 est,
694 2393 728 2451 et
743 2381 904 2452 omnium
922 2382 1167 2452 doctrinarum
1180 2404 1239 2450 ca·
1291 2379 1500 2468 burgensem
1523 2379 1700 2472 quendam
1721 2373 1994 2452 Olsnicensibus
2015 2381 2198 2470 misimus,
2222 2383 2276 2480 qui

245 2509 324 2578 por.
375 2481 456 2556 Oro
480 2495 597 2554 sutem
619 2481 733 2551 filium
750 2477 837 2567 Dei,
860 2495 902 2552 ut
916 2483 1027 2575 ipsius
1042 2481 1158 2554 studia
1173 2503 1239 2572 gu-
1291 2478 1452 2552 domiin
1468 2477 1599 2550 vicinia
1616 2493 1730 2552 vestra
1745 2505 1827 2552 cum
1844 2481 1993 2574 coniuge
2008 2485 2103 2576 apud
2120 2499 2277 2576 parentes

246 2591 389 2672 bernes,
414 2599 449 2657 ct
466 2607 548 2656 eum
560 2579 737 2654 Ecclesiae
758 2595 883 2657 servet.
934 2581 1042 2672 Quod
1063 2585 1239 2674 guberna·
1291 2579 1444 2656 vivebat.
1496 2577 1548 2652 lta
1563 2603 1669 2676 quam
1687 2581 1841 2674 primum
1856 2583 2014 2668 audiero,
2041 2583 2160 2656 locum
2176 2588 2231 2656 vel
2245 2585 2276 2654 in

246 2691 299 2762 tio
311 2686 510 2759 studiorum
525 2683 781 2756 adolescentiae
795 2685 834 2753 in
848 2681 989 2755 &rona
1005 2680 1155 2776 vestra³)
1171 2684 1239 2755 tibi
1291 2679 1450 2754 Ecclesia
1472 2681 1609 2776 aliqua,
1639 2683 1695 2752 vel
1714 2682 1753 2752 in
1773 2679 1893 2756 schola
1914 2707 2056 2768 vacere,
2087 2685 2153 2780 qui
2174 2687 2276 2780 possit

246 2791 412 2860 mandata
446 2801 517 2872 est,
559 2787 713 2878 primum
741 2781 917 2858 Ecclesiae
951 2809 1053 2856 carrea
1085 2787 1238 2878 gsudso;
1292 2784 1385 2854 trsdi
1400 2777 1671 2867 lruicaniiio,
1695 2785 1813 2856 statim
1831 2785 1867 2854 id
1882 2784 1948 2854 tibi
1966 2785 2186 2876 significabo.
2215 2786 2278 2858 Nec

93 2937 100 2944 ·
246 2911 349 2982 spero
373 2888 466 2960 enirn
486 2883 578 2958 hanc
597 2885 763 2958 militiam
780 2899 878 2958 tuam
896 2887 928 2957 ei
947 2887 1237 2980 plurimumpro·
1291 2885 1416 2956 dubita
1441 2885 1546 2956 nobis
1568 2883 1736 2954 omnibus
1758 2909 1861 2956 curae
1883 2907 1956 2955 esse
1974 2909 2053 2970 cos,
2082 2911 2175 2980 quas
2189 2911 2278 2958 com·

245 2993 403 3064 futuram
430 3005 503 3061 esse
519 2987 561 3086 ⁴).
623 2985 754 3059 Laetor
778 3002 813 3059 et
838 3001 872 3059 tc
895 2983 1027 3059 habere
1052 2983 1239 3060 honestum
1291 2985 1478 3060 mendatis.
1528 2983 1573 3056 D.
1589 2977 1797 3082 Schneppio
1811 2999 1846 3058 et
1859 2984 1904 3058 D.
1923 2977 2118 3058 Victorino
2136 2989 2278 3060 salutm

246 3095 365 3164 locum
387 3091 512 3161 intuli
534 3090 641 3174 urbe,
674 3101 709 3160 et
730 3085 842 3159 filiuin
858 3086 944 3176 Dei,
969 3089 1157 3160 dominum
1171 3111 1239 3160 no·
1292 3101 1388 3180 opto.
1449 3081 1493 3158 V
1488 3083 1579 3156 itum
1593 3080 1630 3177 ⁸¹)
1656 3109 1759 3179 spem
1785 3087 1929 3158 avobis
1953 3087 2071 3158 literas
2093 3090 2277 3162 allatumro

247 3207 361 3264 strum
382 3189 496 3262 lesum
514 3185 715 3273 Christum,
745 3181 858 3288 λόγον
881 3187 945 3262 καὶ
966 3184 1090 3264 εἰκόνα
1113 3185 1239 3264 ἀϊδίου
1292 3212 1379 3260 esse.
1428 3185 1525 3258 Bene
1540 3202 1575 3260 et
1590 3186 1741 3260 feliciter
1754 3187 1843 3262 vale.
1894 3183 1968 3260 Cal.
1983 3187 2076 3278 Aug.

246 3292 403 3413 nuspdc,
428 3317 512 3411 orq,
530 3304 578 3412 'ut
598 3291 779 3362 doctrinae
802 3315 923 3362 vocem
941 3307 974 3362 ct
991 3295 1029 3360 in
1044 3287 1163 3364 schola
1179 3305 1239 3363 tua
1800 3283 1989 3381 Philippus
2007 3285 2237 3362 lllclantbon.

246 3389 1249 3580 1ὲὲ11111111ῑῑ11111113ῐῖ111ἓὲ11ἰῖ.

248 3595 370 3670 Pridie
388 3593 465 3670 Cal.
480 3595 643 3688 Augusti.

757 3688 946 3789 Philippus
963 3689 1190 3768 Moenus...
1293 3643 1506 3788 Q
2118 3661 2279 3782 Q

906 3943 1233 3960 mm*
1639 3818 1695 3908 1..
1726 3819 1940 3908 Mollem.

1381 3976 1467 4052 epra.
1479 3977 1525 4034 u.
1541 3975 1574 4032 v.
1593 3997 1622 4051 p.
1638 3977 1691 4035 ses
1702 3995 1762 4052 ...q⁸

260 4121 458 4202 Nessus.
895 4071 899 4081 ⁸
1083 4124 1234 4244 Q
1319 4128 1584 4246 Laurentio
1613 4131 1824 4210 Motisro
1858 4129 2142 4232 (Concionotori
2172 4135 2259 4210 Hil-

256 4220 469 4259 m
1701 4229 1876 4331 desitum.)

596 4309 664 4400 I⁰'
692 4311 898 4432 Sh‘qdw'
1297 4353 1344 4456 S.
1367 4381 1412 4459 D.
1462 4383 1672 4456 Doctissime
1686 4399 1722 4458 et
1734 4382 1937 4456 charissime
1952 4385 2134 4463 Laurenti.
2185 4381 2281 4457 Extat

304 4485 391 4542 ⁰⁸³¹·
407 4501 467 4560 ‘te
483 4487 517 4544 *ἆ
530 4485 626 4580 δῑῖῑξῑ·
642 4505 685 4561 ‘t-
697 4485 740 4543 ⁸⁵·
767 4483 837 4543 0⁰⁸¹·
849 4483 933 4540 0⁰¹⁵·
950 4483 1007 4540 ¹⁸⁸·
1024 4502 1066 4556 ‘t-
1084 4487 1142 4540 ¹⁰¹·
1296 4499 1397 4558 vetus
1413 4487 1572 4557 definitio
1590 4485 1765 4572 Iustitiae,
1791 4487 1829 4555 ln
1843 4487 1973 4579 scripto
1992 4485 2188 4558 Clementis
2203 4485 2278 4558 Ale-

255 4633 479 4646 ...-....-..
866 4618 871 4628 ·
1297 4587 1481 4671 xandrini,
1514 4601 1554 4658 ut
1576 4587 1754 4672 existimo,
1786 4589 1935 4672 tradita,
1965 4601 2005 4658 ut
2026 4589 2278 4658 discerneretur

289 4729 314 4794 1)
334 4725 470 4824 vpmqnq
487 4725 588 4826 Μ,
611 4720 916 4828 pqmqmmq
937 4724 1085 4782 &dm
1170 4753 1174 4758 .
1298 4687 1435 4760 lustitia
1458 4699 1704 4862 reqptorum‘a
1721 4685 1857 4859 lqstitia
1879 4689 1998 4812 tegis„
2012 4689 2035 4758 i.
2049 4713 2081 4861 ὃ
2098 4689 2277 4858 disciplinq

185 4847 187 4850 .
286 4807 1043 4951 nvquqqplquqs{qbuppdqqlznqqpq'shl'iibiii&tebergae
1056 4820 1181 4867 mortuus
1194 4819 1244 4867 ssl.
1298 4802 1474 4984 ἷέἒξὲῐζῖἒ·
1534 4809 1726 4981 111111111ἕὲῑὲζὲ
1751 4811 2279 4982 Ρᾝὶζεῖἔωέἷέρὴὶἵζῦτρζζὶ,

287 4965 318 5103 Ξ)
335 4965 353 5020 ⁵·
365 4983 390 5022 ‘⁹
408 4965 475 5019 ω’
494 4961 611 5064 Lm?
628 5039 632 5046 ·
1298 5015 1375 5060 mae
1400 4989 1539 5061 tabulae
1555 4987 1812 5075 obedientiam,
1839 4989 1981 5084 quaein
1998 4991 2130 5061 renatis
2146 5005 2195 5060 est
2211 5013 2280 5062 stos-

305 5055 315 5119 )
335 5047 369 5104 ld
385 5049 486 5108 tastum
505 5065 562 5106 esse
581 5047 685 5102 sedetur
702 5067 774 5107 sono
794 5049 869 5107 1551.
907 5047 987 5106 Certe
1001 5047 1053 5106 hoc
1066 5068 1138 5104 anno
1153 5065 1245 5106 mense

324 5117 405 5172 Febr.
429 5117 559 5173 habemus
582 5115 723 5186 epistolam
743 5118 777 5172 ad
796 5117 988 5180 vincentium,
1015 5119 1062 5172 ulti
1088 5119 1112 5171 ei
1139 5117 1245 5172 Melan·
1297 5086 1416 5166 γωνία
1436 5091 1550 5180 θεοῦ,
1581 5091 1663 5184 quill
1684 5093 1926 5162 decendussilll'
1948 5091 1986 5160 ln
2001 5093 2167 5162 eordibui
2184 5111 2280 5162 Vim

322 5185 388 5240 thou
400 5185 549 5256 gratulatur
562 5183 596 5237 de
610 5203 722 5239 munere
740 5184 852 5258 publico
869 5185 895 5238 si
913 5187 1052 5241 snsnrlsto.
1089 5187 1246 5240 Valentinus
1298 5193 1460 5262 flammae
1492 5191 1675 5262 divhfim
1737 5189 1877 5262 Deinde
1911 5192 2025 5264 voluit
2057 5206 2159 5264 mor
2190 5213 2280 5262 com.

322 5253 408 5306 Konta
419 5263 524 5312 sutem.
549 5251 647 5308 Pastor
660 5253 841 5322 bubonensis,
863 5251 1005 5326 adfuerat,
1020 5263 1050 5308 ut
1066 5255 1245 5310 subscriberet

325 5319 488 5374 confessioni
513 5313 854 5380 Tridentum'snittendse.
898 5319 960 5378 vit.
978 5323 1054 5394 epist.
1072 5324 1106 5377 sd
1123 5321 1246 5378 Meienb.
1305 5327 1518 5346 ·····“··“·““““’“

326 5381 353 5438 d.
367 5385 396 5438 d.
411 5387 436 5440 5.
449 5389 563 5456 Augusti
578 5387 655 5445 test.
1332 5387 1362 5460 ί)
1382 5385 1442 5442 Vid.
1457 5383 1535 5455 epist.
1548 5381 1581 5438 sd
1594 5381 1721 5455 Schnepl.
1734 5383 1760 5437 d.
1776 5381 1816 5439 ts.
1831 5378 1883 5436 tut.
