4654 5816
74 261 139 340 617

85 433 142 508 lto.
158 427 269 510 4648.

77 531 272 572 m

234 629 437 742 Georgia
467 625 548 714 Pr.
580 623 857 717 Asthaltino.

130 807 214 884 Epist.
229 806 277 866 lib.
291 807 324 866 ll.
340 801 674 882 praeteriissent».
688 799 724 857 ΙΙ.
739 817 784 874 ep.
799 799 883 858 249).

180 964 238 1044 D.
262 959 466 1064 Georgia
489 957 662 1063 Prineipi
685 959 728 1032 in
754 951 902 1032 Antan

864 461 869 476 ·
887 423 1040 502 29.‹Dss.

875 515 1048 548 m

69 1106 111 1196 S·
133 1115 178 1194 D.
228 1113 470 1188 illustrissime
493 1127 528 1186 et
544 1108 855 1188 Reverendissime
875 1105 1054 1202 Princeps,

68 1221 125 1296 Hic
147 1215 329 1315 Georgius
352 1215 395 1291 C.
417 1213 463 1292 V.
486 1229 613 1298 notus,
651 1215 805 1308 amplius
834 1236 954 1282 mense
985 1209 1053 1284 suit

69 1321 182 1420 hospes
193 1347 307 1398 meus.
346 1317 395 1396 Et
409 1319 439 1388 si
455 1318 493 1392 in
510 1311 576 1390 hac
591 1316 722 1388 vicinia
738 1315 999 1388 desideraretur
1013 1313 1050 1382 in

69 1429 174 1524 aliquo
196 1447 287 1518 pago
308 1419 487 1496 Ecclesiae
516 1433 654 1514 pastor,
678 1414 763 1490 huic
784 1409 946 1510 Georgia
975 1439 1050 1486 eam

69 1529 408 1601 commendassemos.
465 1517 548 1594 Etsi
570 1521 666 1592 enim
688 1513 876 1593 imbecillis
898 1532 971 1603 eat,
996 1531 1050 1588 ta·

69 1655 139 1702 men
162 1653 307 1724 parvam
329 1623 673 1698 administrationem
696 1620 924 1694 mediocriter
946 1619 1052 1692 susti-

68 1757 140 1804 nere
154 1744 284 1826 posset·
332 1725 382 1800 Et
403 1726 468 1798 ubi
485 1727 583 1800 solus
602 1737 798 1820 praeesset,
823 1721 1052 1818 tranquillior

68 1849 154 1910 esset.
204 1829 285 1906 Oro
299 1827 342 1906 C.
353 1827 402 1900 V.
414 1841 456 1904 ut
471 1827 502 1898 si
517 1853 587 1924 qua
605 1841 658 1899 est
672 1824 807 1900 occasio
830 1822 997 1899 nidulum
1019 1821 1051 1894 ei

68 1937 209 2030 aliquem
230 1945 418 2008 monstret.
468 1927 656 2004 Venerunt
671 1923 744 2000 hnc
764 1951 806 1998 er
825 1921 960 2000 suevia
983 1923 1051 1996 viri

68 2037 150 2110 docti
170 2050 206 2108 et
226 2029 370 2107 honesti
393 2031 488 2128 pulsi
509 2057 591 2104 curn
614 2030 760 2107 familiis
774 2029 876 2116 suis,
899 2052 1050 2124 quorum

68 2139 199 2212 erilium
220 2137 288 2208 etsi
308 2149 360 2208 est
384 2133 608 2222 miserabile,
634 2147 752 2206 tamen
770 2133 880 2224 magis
904 2131 1052 2202 miserae

69 2255 138 2316 sunt
153 2235 353 2324 Ecclesiae,
377 2261 420 2308 ex
441 2237 573 2331 quibus
600 2235 737 2328 expulsi
761 2236 862 2318 sunt,
887 2231 970 2328 quia
999 2229 1051 2302 ibi

68 2343 128 2414 iem
142 2341 217 2437 lupi
241 2352 463 2432 grassantur,
487 2349 521 2409 et
536 2338 689 2430 populus
708 2331 932 2408 horribiliter
948 2335 1052 2406 dissi-

68 2459 170 2538 patur.
202 2441 303 2514 Haec
318 2454 416 2514 tanta
430 2439 522 2512 mala
536 2465 616 2511 cum
632 2438 749 2510 exilia
764 2433 955 2531 sophistica
964 2432 1052 2510 Chi-

68 2570 172 2618 msera
190 2544 281 2618 libri
299 2538 510 2640 Augustam
530 2541 712 2628 oriantur,
733 2537 868 2611 Filium
884 2537 952 2612 Dei
968 2564 1053 2610 ore-

68 2671 150 2735 mus,
180 2659 223 2722 nt
250 2669 319 2718 nos
341 2657 439 2738 regat
460 2658 497 2718 et
526 2645 666 2718 liberet.
723 2639 821 2714 Bene
836 2647 879 2713 ‘et
902 2641 1052 2712 feliciter

69 2751 169 2822 valeat
188 2745 230 2825 C.
246 2747 292 2820 V.
339 2745 451 2824 Datae
472 2747 530 2818 die
552 2744 801 2818 vaticiniorum
818 2741 996 2816 Simeonis
1017 2757 1051 2814 et

68 2847 216 2926 llannae.

66 3059 164 3072 ..ιι-ιώ

69 3183 126 3256 Νο.
139 3182 255 3259 4644.

73 3281 273 3322 w

320 3382 472 3472 Ioaeis.
502 3380 784 3494 Conserarc'o.

124 3562 206 3637 Fpist.
222 3561 260 3618 ad
277 3557 386 3617 omer.
403 3573 433 3628 p·
443 3556 496 3613 62⁸
508 3573 569 3628 sqq.
586 3553 643 3626 (ed.
661 3553 748 3610 Laud.
764 3553 813 3609 lib.
827 3551 877 3610 Ν.
895 3573 938 3628 ep,
951 3554 1035 3626 m),

872 3275 1044 3306 Μ

69 3713 214 3794 Clarias.
245 3715 344 3800 viro,
380 3707 582 3787 eruditione
616 3721 648 3784 et
686 3712 815 3785 virtute
843 3707 1054 3810 praestanti

70 3819 301 3897 Ioaelsimo
326 3807 602 3892 Camerario
625 3811 764 3888 Bamb.
784 3813 904 3886 amieo
919 3816 1051 3918 etsra-

133 3931 140 3942 ’
389 3918 441 3990 tri
454 3942 523 3990 suo
538 3915 667 3994 eariss.
683 3912 720 4015 *)

71 4059 110 4144 S·
130 4071 174 4148 D.
220 4067 322 4155 Etsi,
345 4093 428 4142 curn
448 4081 529 4138 ante
545 4067 682 4162 aliquot
696 4090 834 4138 menses
857 4067 1052 4140 intellexis-

72 4197 134 4246 sem
147 4171 232 4246 hinc
255 4172 492 4262 migraturum
515 4193 588 4240 esse
604 4169 721 4239 viram
740 4184 976 4262 praestantem
993 4172 1051 4242 in-

71 4277 180 4366 genio,
204 4275 428 4357 eruditione,
453 4284 488 4342 et
502 4271 651 4358 virtute,
676 4264 869 4341 Alaricum
882 4265 960 4368 ”),
985 4276 1050 4344 do-

71 4377 174 4450 lebam
186 4403 225 4450 es
242 4372 311 4447 hac
327 4389 447 4446 nostra
463 4368 654 4444 Academia
669 4385 809 4444 tanturn
824 4375 929 4444 avelli
945 4398 1052 4445 orna-

72 4493 230 4566 mentum,
254 4483 374 4548 tamen
388 4500 485 4548 nnnc
498 4477 540 4546 in
554 4472 610 4545 his
624 4475 755 4546 nostris
769 4474 932 4564 miseriis,
957 4477 1052 4547 redi-

73 4593 138 4650 tum
152 4583 217 4674 ipsi
230 4581 271 4650 in
290 4579 460 4672 patriam,
486 4578 576 4647 etin
592 4601 669 4648 eam
685 4579 828 4666 urbem,
851 4603 939 4673 quae
956 4604 1052 4651 nunc

74 4683 203 4774 quidem
221 4682 327 4752 unica
343 4682 382 4750 in
399 4677 611 4766 Germania,
635 4679 816 4750 doctrinae
832 4681 1051 4751 domicilium

75 4797 129 4868 est,
151 4785 317 4874 gratulor,
342 4807 382 4852 ac
398 4794 501 4874 opto,
527 4794 618 4852 utet
635 4781 890 4853 consuetudine
907 4807 1051 4854 suorum

76 4887 214 4958 suaviter
240 4899 276 4956 et
303 4883 454 4954 feliciter
482 4883 638 4969 truatur,
665 4897 700 4954 et
728 4884 844 4956 studia
872 4886 1053 4955 doctrinae

76 4989 157 5078 apud
178 5011 240 5060 vos
256 5001 359 5058 ornet
375 5009 415 5056 ac
432 4983 586 5058 adiuvet.
634 4981 726 5055 Cum
743 4999 861 5056 autem
879 4981 964 5056 binc
979 4988 1054 5057 dis-

107 5271 135 5344 *)
150 5271 242 5330 eatur
256 5273 333 5348 epist.
351 5273 420 5331 Mel.
433 5272 468 5329 sd
482 5273 589 5330 Camer.
607 5269 701 5328 retulit
717 5273 789 5328 bano
806 5272 883 5346 epist.
899 5272 935 5330 acl
952 5293 1053 5332 unam

137 5343 224 5416 iffi,
242 5361 335 5401 assem
352 5363 389 5401 an
405 5353 488 5400 recte.

107 5427 151 5500 *l
172 5429 191 5490 i.
210 5450 234 5490 e.
254 5433 399 5504 Uirium,
418 5441 492 5489 estne
509 5427 600 5486 Ulric.
619 5425 815 5502 Siccinperssi

639 245 1078 330 sersroteuun
1133 217 1241 322 nin
1270 239 1336 322 at
1366 240 1522 326 sesa

2024 245 2100 326 did

1100 415 1256 502 cederet,
1280 411 1472 506 emitari
1496 437 1593 489 anae
1616 411 1839 502 tibiuoiult,
1862 437 1900 496 sc
1916 417 2020 494 valde
2038 441 2102 492 cc-

1100 519 1226 612 pidum
1243 539 1318 588 esse
1333 531 1414 588 tuae
1428 515 1616 592 amicitiae.
1674 512 1755 592 Etsi
1769 529 1890 592 summ
1903 543 1978 592 non
1994 521 2103 594 dubi·

1100 621 1242 710 tabam,
1272 619 1361 714 quin
1385 617 1571 714 utriusque
1599 619 1736 706 vatus.
1761 633 1797 694 ct
1817 619 2035 698 iudiciorum
2053 625 2102 698 dc

1102 723 1209 794 rebus
1222 721 1327 792 bonis
1343 722 1549 804 consensio,
1574 721 1681 794 etiam
1703 722 1781 794 sinc
1795 723 1885 797 ιηὼ
1897 723 2025 800 litteris
2039 733 2102 800 vos

1102 824 1355 910 coniunctura,
1379 837 1616 920 mutuamque
1632 825 1809 904 intervos
1826 845 1984 902 amorem
2008 829 2102 902 eret-

1103 940 1218 1002 tatura
1247 941 1352 1012 esset,
1384 939 1504 1001 nmen
1527 923 1603 1001 eius
1633 927 1809 1001 voluntati
1835 951 1971 1004 morem
1995 931 2104 1019 amsi,

1104 1023 1264 1122 mihique
1280 1023 1518 1100 honorificum
1532 1028 1637 1114 duxi,
1660 1029 1691 1100 si
1705 1030 1794 1104 meis
1814 1029 1942 1106 litteris
1957 1033 2015 1106 vel
2033 1027 2102 1108 hoc

1102 1155 1216 1202 unum
1245 1132 1478 1216 tribueretur,
1503 1143 1544 1202 nt
1565 1131 1685 1202 vultus
1707 1131 1746 1202 in
1771 1135 1889 1224 primo
1912 1151 2126 1225 conpara*

1102 1233 1313 1304 familiarior
1343 1245 1442 1305 esset.
1492 1229 1584 1304 Nam
1610 1246 1731 1326 postea
1754 1258 1837 1306 eum
1867 1249 1931 1310 tuo
1957 1237 2101 1324 indicio,

1103 1337 1200 1430 quod
1233 1347 1284 1404 est
1316 1333 1580 1426 gravissimum,
1612 1337 1861 1428 complecterer
1903 1339 2100 1416 decernas

1102 1437 1215 1508 multa
1233 1439 1277 1506 de
1292 1451 1415 1510 natura
1432 1449 1650 1530 quaerentes,
1669 1438 1775 1523 etiarn
1789 1440 1829 1508 in
1843 1441 2012 1518 amicitiis
2026 1465 2101 1518 non

1104 1552 1243 1610 tantum
1257 1539 1381 1616 asscita
1395 1540 1490 1610 bona
1503 1534 1569 1610 καὶ
1583 1534 1758 1633 ἐπίκτητα
1771 1542 2012 1627 considerare,
2037 1547 2101 1620 sed

1104 1653 1249 1712 naturas
1262 1642 1369 1733 ipsas:
1392 1641 1563 1712 sosarmo
1578 1641 1687 1732 igitur
1701 1642 1768 1711 tibi
1781 1642 1822 1711 in
1834 1639 1903 1716 hoe
1918 1646 2010 1734 viro,
2025 1671 2101 1720 non

1104 1743 1274 1814 iniustam
1290 1739 1344 1838 *)‚
1378 1741 1438 1813 sed
1460 1743 1617 1814 nativam
1640 1767 1714 1814 esse
1734 1743 1919 1833 virtutem,
1947 1773 2101 1846 cumque

1104 1845 1143 1915 in
1167 1847 1266 1915 omni
1289 1846 1404 1916 officio
1431 1845 1709 1916 moderationem
1732 1847 1883 1918 maxime
1909 1849 2101 1923 salutarem

1104 1948 1196 2020 vitae
1220 1961 1333 2028 amet,
1358 1947 1590 2018 constantiam
1616 1961 1734 2019 tamen
1760 1952 2038 2050 gravitatemque
2060 1955 2101 2026 in

1104 2049 1197 2120 veris
1227 2049 1413 2121 sententiis
1439 2061 1473 2120 et
1506 2049 1611 2120 rectis
1636 2049 1793 2120 consiliis
1821 2057 1991 2125 tuendam
2026 2079 2101 2128 esse

1104 2153 1209 2222 etiam
1223 2152 1262 2220 in
1278 2152 1444 2244 periculis
1458 2151 1591 2222 statuit·
1641 2149 1738 2222 Haec
1750 2154 1844 2224 bona
1859 2158 2012 2229 excoluit
2025 2183 2100 2230 non

1103 2265 1242 2326 tantum
1266 2253 1401 2326 lorensi
1428 2253 1609 2342 doctrina,
1638 2255 1831 2328 sedetiam
1861 2258 1942 2330 aliis
1970 2261 2101 2334 litteris

1103 2372 1209 2450 atquc
1231 2357 1386 2438 artibus,
1411 2379 1501 2452 quae
1529 2353 1639 2426 vitam
1663 2357 1879 2448 gubernent,
1904 2375 1941 2432 et
1966 2361 2006 2431 in
2034 2363 2098 2435 illo

1104 2481 1168 2529 suo
1196 2459 1335 2542 studio,
1357 2459 1469 2549 magis
1492 2459 1686 2546 iusticiam,
1712 2460 1943 2556 aequitatem,
1967 2467 2100 2547 mado-

1103 2585 1191 2650 rem,
1216 2586 1323 2656 quam
1339 2561 1568 2632 calliditatem
1583 2575 1686 2648 amat,
1712 2577 1857 2656 propter
1873 2559 1958 2636 haec
1971 2565 2099 2639 decora

1104 2688 1186 2733 vere
1210 2687 1291 2734 eum
1311 2664 1439 2753 diligo,
1461 2679 1565 2758 teque
1586 2676 1627 2734 ut
1647 2687 1728 2734 eum
1748 2667 2010 2758 complectaris,
2034 2671 2100 2740 ad-

1103 2762 1240 2840 hortor.
1285 2763 1375 2836 Nam
1393 2766 1479 2836 etin
1492 2765 1630 2858 privata
1644 2765 1718 2841 vita
1730 2789 1894 2856 suavem,
1919 2771 2009 2842 etin
2023 2769 2099 2844 Re-

1103 2869 1188 2964 pub.
1202 2867 1341 2956 utilem,
1366 2868 1653 2938 coniunctionem
1671 2869 1738 2940 tibi
1754 2870 1865 2962 ipsius
1878 2873 1967 2960 fore,
1985 2895 2098 2966 spero.

1103 2969 1249 3042 Talium
1270 2971 1464 3040 amicorum
1481 2969 1720 3040 familiaritate
1737 2971 1849 3044 lenito
1869 2973 2117 3065 moesticiam„

1103 3098 1172 3168 qua
1194 3085 1339 3166 propter
1355 3069 1532 3164 Rempub.
1548 3071 1714 3159 afficeris,
1746 3069 1908 3168 quamsi
1928 3077 1992 3172 qui
2014 3077 2099 3150 solis

1016 3228 1026 3250 .
1103 3170 1290 3246 hominum
1308 3175 1466 3245 consiliis
1480 3187 1541 3245 ant
1560 3172 1812 3272 μεμψιμοιρία
1825 3176 1901 3268 regi
1917 3201 2018 3272 posse
2040 3203 2099 3252 ar-

1102 3278 1301 3363 bitrantur,
1326 3299 1392 3346 nae
1409 3276 1470 3346 illi
1491 3279 1646 3348 multum
1669 3278 1858 3352 falluntur.
1908 3279 2099 3374 Speremus

1101 3377 1180 3450 Deo
1195 3401 1299 3450 curae
1319 3379 1396 3451 fore
1407 3374 1603 3450 Ecclesiam
1625 3401 1746 3468 suam,
1767 3395 1803 3453 et
1823 3377 1890 3453 bac
1905 3405 1985 3476 spe,
2010 3387 2097 3457 dum

1102 3481 1320 3562 conceditur,
1344 3493 1449 3552 testes
1463 3482 1573 3553 simus
1586 3505 1689 3552 verae
1704 3483 1897 3566 doctrinae,
1923 3499 1957 3557 et
1970 3485 2097 3557 iuven-

1101 3583 1187 3656 tutis
1203 3583 1332 3656 iudicia
1347 3584 1552 3658 formemus.
1602 3581 1701 3654 Bene
1717 3599 1752 3656 et
1767 3585 2023 3662 felicitervale.

1780 3699 1876 3774 Phil.
1898 3701 2074 3781 Melantb.

1934 4065 2097 4184 Q
2148 4123 2150 4128 .

1099 4059 1167 4136 No.
1184 4059 1312 4141 4045.

1106 4157 1278 4188 w

1504 4249 1691 4344 Eidem.

1168 4433 1254 4506 Epist.
1270 4433 1304 4490 ad
1324 4432 1432 4490 Cancer.
1450 4452 1477 4507 p.
1492 4431 1541 4489 set
1556 4451 1596 4505 sq.
1614 4433 1668 4504 (ed.
1686 4433 1773 4490 Lond.
1791 4431 1838 4489 lib.
1855 4431 1904 4492 lV.
1921 4452 1965 4509 cp.
1977 4435 2062 4508 778.>.

1100 4587 1326 4667 Clarissima
1349 4591 1427 4663 viro
1449 4587 1650 4662 eruditione
1673 4600 1705 4662 et
1733 4589 1862 4664 virtute
1887 4594 2099 4692 praestanti
2194 4654 2197 4662 ,

1139 4689 1383 4768 Iaaelcimo
1408 4683 1688 4766 Camerario
1702 4694 1831 4795 fratri
1848 4695 2058 4772 suasorias.

1101 4830 1149 4920 S·
1173 4842 1219 4919 D.
1267 4841 1459 4936 Postquam
1475 4843 1584 4912 semel
1602 4843 1709 4915 laxati
1724 4857 1807 4916 sunt
1826 4845 1919 4915 freni
1936 4847 2096 4940 discipli-

1101 4971 1186 5032 nae,
1211 4943 1277 5014 etsi
1300 4967 1423 5014 omnes
1448 4969 1523 5015 non
1545 4947 1673 5017 furiosi
1702 4947 1842 5032 vident,
1868 4947 1907 5015 in
1929 4950 2096 5024 omnibus
2224 5005 2230 5016 .

1101 5049 1193 5118 vitae
1206 5046 1366 5140 partibus
1383 5045 1620 5119 difficiliorem
1638 5061 1711 5118 esse
1725 5047 2030 5140 gubernationem,
2054 5053 2094 5125 in

1135 5359 1341 5488 veiham?
1356 5387 1390 5406 ι-
1432 5359 1581 5435 Suspicor,
1600 5359 1808 5418 Melantbonem
1827 5361 1979 5436 scripsisses
2003 5363 2093 5466 metet.

1394 5505 1443 5577 88
1456 5497 1477 5541 ⁸
