4684 5802
118 261 220 338 nas
367 205 374 212 ⁴
459 359 461 367 y
646 221 1139 338 uursrou'anuu
1192 257 1412 342 muxu.
1462 261 1593 345 ease.
2036 230 2162 344 ·11s‘s

112 427 315 560 Q·
355 493 357 500 Α
607 439 612 458 '
717 445 775 508 ts.
791 437 873 508 Nor.
900 435 1063 520 (Targae.)
1167 431 1422 504 contumeliose
1439 435 1479 506 in
1496 437 1628 508 multos
1642 436 1888 530 debacchatur,
1911 443 1961 515 ait
1977 466 2053 514 non
2068 457 2161 514 recte

1168 531 1320 624 intelligi
1343 537 1542 608 doctrinam
1565 539 1610 607 de
1631 539 1747 611 tribus
1770 540 1946 615 Personis.
2005 539 2163 628 Adieret,

454 639 505 725 y·
535 637 776 751 strigem
1167 635 1316 725 opinor,
1346 636 1481 730 aliquid
1503 661 1544 708 ex
1565 631 1745 711 Rabr‘nris.
1799 641 1890 714 Nam
1910 644 2045 738 alioqui
2067 639 2162 714 nibil
2197 658 2200 676 ¹

188 801 238 858 Ε,
290 803 330 860 lib
352 801 390 858 m
457 803 510 860 m
566 766 746 858 dt'd'tb
768 801 806 856 m
892 788 942 856 ¹.oe
1055 801 1116 856 A·
1167 729 1274 806 habet
1287 735 1484 812 literarum.
1524 736 1720 813 Contendit
1735 737 1916 817 Christum
1932 743 2161 816 esseMedia-

213 811 373 954 illapsos
391 804 601 956 inversabili.
614 818 758 928 lirztidiri
777 820 904 930 velilll.
921 802 1117 928 sufflami—
1168 847 1280 954 l⁰f²¹J¹
1295 843 1643 958 lanipmfefflndum
1659 857 1823 960 nallfflfm
1839 841 2044 962 humanam·
2081 841 2161 916 Emi

222 939 254 995 to
271 941 301 998 δ.
316 941 348 998 ν.
363 937 524 1000 Samiam.
1168 949 1407 1010 sc1s1ntertro
1423 940 1517 1012 lrbro
1531 933 1779 1036 Langobardi
1792 941 1895 1016 Drst.
1914 947 2160 1042 aequaeuam

116 1083 173 1166 01
210 1041 235 1113 ὀ
282 1095 289 1112 ·
391 1093 399 1112 ·
545 1091 618 1166 d..
718 1041 721 1048 ’
778 1093 786 1113 .
1099 1091 1108 1112 .
1167 1035 1207 1105 in
1240 1060 1317 1107 eam
1349 1041 1560 1111 sententiam
1592 1043 1679 1114 dici:
1719 1059 1837 1116 tamen
1870 1047 2161 1119 ibidemrdicitur

171 1119 456 1182 ammorreo,
480 1119 542 1167 era
572 1106 683 1168 struae
700 1103 732 1167 et
749 1102 878 1166 vertute
894 1101 1116 1192 praestante,
1166 1133 1350 1210 Christum
1377 1143 1636 1234 redemptorem
1665 1144 1737 1216 dici
1757 1151 1951 1220 secundum
1973 1157 2161 1242 dumque

114 1193 174 1268 D·
203 1193 456 1270 Vi⁶²⁰⁰⁰n⁰
480 1193 732 1294 Sl'ifflm’
765 1194 806 1266 ¹⁵¹⁸
830 1189 1031 1266 “imam‘'
1054 1193 1116 1268 10'
1167 1253 1343 1312 naturam.
1392 1239 1441 1314 Et
1462 1245 1625 1326 sacerdos
1646 1239 1743 1317 haud
1766 1248 1874 1320 dubie
1891 1263 1945 1324 est
1957 1247 2160 1341 ingrediens

116 1298 228 1394 ”tilii
244 1291 458 1400 P70s‘550'i
478 1293 868 1472 ⁰Pc²imf¹⁶,d2⁶lfina⁶’
906 1320 1027 1370 “mm
1048 1321 1117 1370 ⁸¹¹⁰
1167 1341 1206 1408 in
1227 1355 1386 1412 sanctum
1409 1357 1631 1432 sanctorum,
1655 1345 1781 1434 idest,
1805 1349 1845 1418 in
1862 1351 2160 1422 arcanumconsi·

522 1423 687 1474 ¹arissam

1166 1439 1256 1512 lium
1277 1443 1493 1532 divinitatis,
1530 1470 1606 1516 uon
1631 1459 1768 1519 tautum
1793 1443 2161 1546 praetermeantem.

114 1531 167 1622 S·
196 1545 241 1624 D.
290 1545 494 1621 Clarissima
507 1548 738 1622 viretamice
751 1543 965 1636 charissime,
990 1543 1116 1636 Orate,
1166 1540 1338 1614 Sacerdos
1365 1557 1483 1617 autem
1507 1544 1688 1618 Mediator
1710 1563 1780 1636 est,
1812 1567 1854 1623 ut
1875 1553 1978 1624 docet
1998 1547 2161 1644 Epistola

115 1649 238 1743 inquit
255 1648 370 1720 Filius
389 1647 475 1735 Dei,
507 1657 546 1720 ut
569 1648 609 1720 ia
633 1671 783 1719 messem
805 1673 914 1720 suam
938 1646 1115 1746 extrudat
1166 1645 1209 1714 ad
1234 1641 1415 1722 Ebraeos.
1470 1644 1525 1717 De
1548 1648 1679 1720 talibus
1699 1651 1806 1722 rebus
1828 1655 2009 1746 prodesset
2029 1653 2161 1726 meritos

114 1747 226 1822 Deus
240 1743 398 1851 ἐργάτας
401 1745 537 1844 fideles
553 1759 584 1822 et
598 1747 799 1822 salutares.
835 1749 916 1823 Hoc
929 1765 970 1824 ut
985 1754 1116 1824 arden·
1166 1767 1269 1838 saepe
1291 1762 1452 1820 amanter
1471 1749 1640 1844 colloqui.
1705 1749 1796 1838 Sed's
1829 1777 1949 1824 ⁰10⁰)
1972 1753 2158 1824 mimam!

114 1854 191 1924 siue
207 1867 384 1946 petamus,
408 1853 537 1945 passim
550 1849 788 1924 Ecclesiamm
803 1852 955 1924 orbitate
971 1878 1115 1924 movea-
1165 1847 1301 1918 accedit
1321 1849 1425 1918 nobis
1447 1850 1490 1920 ad
1508 1863 1661 1921 caeteras
1676 1851 1890 1927 calamitates
1904 1851 1989 1925 baec
2006 1851 2160 1948 quo'que,
2195 1928 2199 1937 ,

114 1979 217 2036 mur,
250 1955 296 2023 de
313 1979 381 2048 qua
400 1977 528 2044 magno
543 1978 624 2024 cum
640 1954 763 2024 dolore
778 1953 903 2043 cogito.
956 1950 1025 2024 Vix
1042 1954 1113 2024 iam
1166 1949 1261 2044 quod
1293 1971 1498 2040 congressus
1526 1951 1630 2022 etiam
1662 1966 1861 2046 temporum
1891 1955 2159 2028 difficultatibus
2305 2015 2312 2029 .

114 2043 315 2126 medioeres
327 2057 487 2126 doctores
503 2054 597 2128 Urbi
610 2067 729 2126 tantae
745 2052 935 2147 Augustae
952 2055 1114 2126 iuvenire
1160 2049 1422 2150 impediuntur.
1454 2045 1514 2119 M
1510 2043 1640 2122 aredio
1656 2048 1807 2124 Elector
1820 2071 2007 2128 vocaverat
2021 2053 2068 2132 D.
2083 2049 2160 2128 Po-

112 2178 314 2249 possumus,
338 2178 428 2250 quae
442 2157 598 2226 iniciam
614 2154 727 2226 literis
744 2170 777 2226 te
791 2167 903 2232 vocat.
953 2152 1032 2228 Etsi
1048 2179 1113 2227 au.
1165 2172 1355 2221 merorum
1369 2165 1403 2222 et
1418 2177 1475 2222 me
1491 2156 1535 2223 ad
1550 2148 1860 2227 hancStaneltarr'
1873 2159 2160 2251 disputationem,

113 2271 189 2330 tem
212 2255 330 2348 accepi
344 2271 440 2328 tuam
458 2256 714 2350 responsioem,
744 2269 862 2326 tamen
879 2257 1112 2328 necessarium
1163 2253 1224 2322 sed
1239 2253 1309 2323 iter
1321 2265 1483 2323 nostrum
1499 2275 1623 2344 graves
1637 2277 1761 2329 causae
1778 2257 2018 2350 impedierunt
2027 2251 2078 2352 ').
2104 2255 2159 2328 Te

114 2359 340 2444 essecensui,
367 2351 525 2428 exhiberi
541 2358 607 2429 tibi
624 2355 776 2428 Senatus
789 2353 1000 2450 Epistulam.
1032 2357 1113 2429 Me-
1164 2377 1247 2436 oro,
1285 2368 1326 2425 ut
1355 2347 1445 2422 mibi
1469 2367 1571 2426 tuum
1595 2356 1768 2428 iudicium
1792 2361 1985 2450 significes,
2028 2363 2074 2430 de
2094 2359 2158 2429 illo

112 2460 288 2530 minimus
308 2473 343 2530 et
359 2457 593 2531 Reverendus
612 2455 656 2528 D.
671 2457 855 2555 Sueppius
878 2475 912 2530 et
934 2483 1016 2551 ego,
1048 2483 1113 2530 au-
1163 2447 1413 2548 Langobardi
1439 2455 1534 2528 dicto
1562 2457 1607 2529 de
1629 2457 1850 2546 Maturare,
1888 2463 1984 2556 quod
2012 2460 2157 2556 quidem

113 2562 195 2631 dire
213 2583 278 2631 uos
292 2565 479 2654 Augustae
492 2561 687 2633 multorum
704 2560 835 2631 civium
859 2561 1113 2653 disputationes
1163 2551 1430 2628 Bonaventara
1453 2557 1553 2650 quasi
1576 2559 1738 2650 corrigit,
1775 2562 1838 2656 qui
1859 2563 1946 2632 dicit
1965 2561 2062 2633 aliud
2085 2585 2158 2632 esse

112 2665 161 2733 de
178 2663 299 2732 multis
314 2663 433 2746 rebus,
458 2685 549 2756 quae
564 2662 797 2734 ostendebant
813 2661 914 2734 initia
931 2662 1113 2733 doetrinae
1163 2659 1340 2744 medium,
1366 2659 1463 2726 aliud
1482 2657 1728 2738 Mediatorem.
1779 2665 2025 2758 Augustanus
2046 2663 2159 2734 tabel-

112 2763 295 2834 iuerudite
318 2765 368 2834 eis
387 2763 516 2835 tradita
532 2787 616 2834 esse.
668 2759 778 2832 ludex
796 2761 1020 2854 improbabat
1034 2767 1131 2834 mo-'
1162 2759 1273 2829 larius
1296 2758 1412 2830 adlert
1432 2761 1479 2828 ad
1503 2783 1567 2830 vus
1587 2762 1719 2834 literas.
1765 2758 1847 2836 Etsi
1868 2778 1984 2836 autern
1999 2764 2158 2835 fortassis
2214 2849 2217 2854 Ι
2260 2793 2274 2838 ,·
2331 2815 2333 2826 .

110 2889 191 2936 rem
223 2864 465 2955 strangulandi
496 2864 610 2948 fures,
647 2877 683 2934 et
712 2865 953 2952 strangulabat
982 2877 1111 2934 tamen.
1161 2860 1314 2950 migrare
1334 2859 1439 2930 istinc
1461 2883 1537 2930 non
1561 2862 1678 2932 voles:
1711 2875 1831 2936 tamen
1854 2865 2007 2959 optarim
2025 2877 2061 2936 te
2083 2864 2157 2936 ali-

110 2961 164 3038 Et
186 2989 324 3058 possem
349 2965 416 3036 alia
439 2966 572 3036 maiora
588 2965 745 3038 recitare.
797 2962 882 3036 ldeo
898 2965 1002 3036 valde
1015 2979 1111 3058 opto,
1162 2973 1249 3056 quot
1277 2961 1459 3032 mensibus
1474 2963 1673 3056 'Augustae
1702 2986 1795 3062 esse,
1832 2979 1873 3037 ut
1899 2962 2057 3037 Ecclesia
2085 2965 2158 3036 tuis

109 3082 155 3139 ut
179 3069 223 3137 ad
246 3063 338 3136 haue
359 3066 652 3138 instaurationem
673 3061 827 3138 babeant
850 3067 1010 3137 doctores
1030 3067 1111 3136 ido-
1161 3062 1318 3140 consiliis
1334 3062 1438 3133 initio
1455 3063 1741 3152 constitueretur.
1791 3061 1870 3139 Oro
1889 3080 2004 3139 autem
2020 3065 2155 3136 Filium

111 3191 220 3248 neos,
247 3166 298 3240 Ut
312 3168 380 3240 scis
396 3168 478 3252 dici,
504 3163 599 3262 ἀρχὴ
615 3161 731 3260 duraci
745 3161 895 3250 παντός.
944 3162 1109 3239 Nou'boc
1160 3161 1246 3252 Dei,
1271 3177 1358 3235 utet
1374 3159 1461 3234 haec
1477 3178 1592 3236 vestra
1609 3165 1756 3238 consilia
1778 3181 1890 3259 regat,
1915 3184 1950 3242 et
1961 3163 2172 3263 Ecclesiam

108 3267 205 3340 mihi
226 3293 348 3354 sumo,
370 3283 421 3340 ut
441 3291 500 3340 me
520 3270 646 3340 vestris
669 3269 987 3340 deliberationibus
1008 3269 1109 3360 inge-
1160 3265 1229 3334 sibi
1259 3265 1298 3333 in
1321 3257 1528 3336 Germania
1555 3265 1691 3363 ubique
1722 3267 1875 3362 colligat.
1939 3265 2038 3340 Bene
2064 3268 2155 3342 vale.

107 3395 213 3456 ram,
246 3383 383 3442 tantum
408 3393 491 3455 oro,
524 3381 565 3440 ut
582 3369 613 3440 si
627 3370 701 3461 ipse
715 3370 889 3462 proticisci
905 3371 943 3440 in
957 3370 1107 3460 patriam
1160 3363 1227 3436 Die
1247 3367 1305 3439 ts.
1319 3363 1541 3439 Novembris.

109 3495 190 3544 nou
212 3472 327 3556 vertes,
351 3471 450 3542 viros
466 3472 613 3542 idoneos
628 3471 732 3542 nobis
748 3471 895 3548 indices.
943 3467 1108 3563 Exempli

106 3596 216 3644 causa
234 3572 428 3665 plurimum
444 3575 569 3658 refert,
593 3572 700 3643 etiam
716 3567 910 3644 Ecclesiam
928 3571 967 3642 iu
983 3596 1022 3644 ea
1037 3570 1107 3644 Ur·
1151 3573 1155 3580 ’

105 3675 157 3746 be
172 3688 264 3746 recte
278 3673 458 3746 constitui.
487 3671 586 3746 Bene
602 3674 692 3750 vale.
725 3671 793 3746 Die
811 3675 870 3748 ts.
884 3671 1107 3748 Novembris.
1156 3700 1227 3772 No,
1240 3697 1353 3779 5264·
1994 3721 2054 3783 ¹3·
2069 3711 2151 3778 No„

803 3771 1004 3870 Philippus.
1158 3795 1337 3834 Μ
1851 3785 1854 3792 ’
1939 3847 1944 3858 ,
1980 3801 2153 3832 *om

1498 3885 1565 3974 Ia.
1590 3887 1807 4003 Sttgelia.

1223 4045 1313 4100 Daue·
1324 4063 1386 4119 epp.
1398 4045 1434 4103 etl
1446 4047 1515 4121 stig.
1529 4067 1572 4123 ep.
1582 4049 1626 4108 46.
1658 4051 1728 4110 cod.
1737 4049 1822 4111 unu
1836 4050 1894 4110 l88.
1905 4069 1949 4126 sp.
1962 4051 2021 4110 tto.

102 4135 176 4209 No·
190 4131 302 4211 6263.
617 4174 623 4180 -
943 4151 1000 4214 18.
1013 4139 1093 4207 Nor.

112 4231 289 4266 ..ην
928 4231 1099 4266 Μ
1155 4191 1380 4276 Clarissr‘mo
1401 4204 1498 4293 aira,
1536 4204 1706 4304 iugenio,
1722 4205 1941 4282 ,eruditiore
1964 4219 1996 4281 et
2020 4207 2150 4282 virtute

431 4317 490 4408 E,
521 4319 772 4436 &mpsim
1120 4423 1122 4431 A
1152 4304 1364 4404 praestanti
1371 4304 1463 4408 ,'D.
1486 4303 1518 4380 I
1521 4310 1667 4429 aanpi
1689 4305 1843 4406 stiget
1851 4310 1911 4396 io,
1943 4310 2064 4396 auriac
2080 4333 2150 4384 suo
2254 4355 2257 4362 -

1483 4433 1694 4499 earrssrmo,
1717 4412 1755 4486 S.
1770 4414 1820 4490 D.
1901 4452 1911 4469 ·

177 4483 261 4559 Elin·
278 4481 326 4539 ¹⁵¹³·
341 4479 375 4538 Π·
393 4500 420 4578 Ρ·
437 4481 496 4538 ¹¹⁷⁰
514 4482 569 4551 (ω’
582 4480 670 4539 Μ’
687 4481 737 4542 uh'
749 4481 786 4540 ¹¹⁶
802 4499 848 4556 φ’
860 4481 945 4554 Μ’
1202 4547 1309 4612 Pastor
1322 4547 1480 4614 Aristaeus
1496 4553 1597 4614 diriua
1611 4555 1799 4635 gloriareris

255 4633 416 4708 Ductori
434 4629 664 4707 'Eritardo
690 4630 949 4736 Schuepsia
1202 4647 1252 4715 Sit
1265 4657 1382 4732 aeirus,
1404 4658 1509 4736 patriis
1525 4665 1556 4718 et
1573 4675 1679 4738 paoem
1692 4656 1796 4719 reddet
1808 4658 1842 4727 in
1857 4659 1930 4720 oris.

102 4773 156 4862 S·
182 4785 227 4858 D.
277 4783 487 4856 Reverende
502 4785 605 4856 viret
621 4785 732 4856 amice
747 4779 968 4874 charissime,
991 4785 1099 4880 Quod
1150 4777 1253 4864 Hine
1274 4791 1369 4864 enim
1394 4795 1508 4866 ordiri
1529 4795 1633 4884 libet,
1659 4811 1700 4870 ut
1714 4797 1911 4894 intelligas,
1936 4813 2037 4872 tuum
2052 4794 2144 4880 mibi

99 4911 180 4958 non
195 4886 311 4956 scribo
327 4885 483 4977 saepius,
502 4899 642 4957 tautum
657 4887 807 4958 tribuito
821 4871 909 4958 meis
923 4889 980 4959 vel
994 4915 1099 4962 occu-
1150 4915 1280 4964 munus
1309 4909 1447 4985 gratum
1479 4920 1564 4972 esse.
1620 4894 1700 4973 Etsi
1733 4917 1851 4974 autem
1885 4901 1999 4972 nostri
2028 4900 2144 4972 libelli
2195 4977 2199 4988 ‚

98 4987 309 5083 petionibus
331 4987 388 5056 rel
411 4988 603 5058 aerumnis.
653 4985 745 5058 Nam
767 4990 923 5080 protecto
939 4991 1098 5085 quotidie
1149 4995 1302 5086 squalidi
1317 5009 1352 5067 et
1366 4997 1501 5066 sordidi
1519 5011 1620 5087 sunt,
1644 5013 1764 5073 umen
1780 5028 1860 5076 cum
1875 5002 2030 5096 primum
2044 5024 2142 5072 acce-

97 5105 221 5170 tecum
242 5087 399 5182 colloqui
416 5088 543 5180 cupio,
568 5111 643 5158 non
659 5089 703 5158 de
718 5089 1011 5182 populitabcllis,
1035 5097 1096 5165 scd
1149 5118 1232 5184 pero
1254 5099 1410 5192 exempla
1425 5101 1548 5194 scripti
1562 5097 1646 5199 aspi
1659 5110 1798 5200 ψυχῆς,
1828 5129 1918 5200 quae
1938 5104 2010 5174 iarn
2024 5105 2141 5184 eduu-
2243 5099 2248 5117 '

97 5193 146 5264 de
170 5188 385 5280 gravissimis
404 5189 586 5260 doctrinae
605 5185 869 5262 Ecclesiasticae
889 5207 1096 5268 coutrover-
1148 5211 1227 5284 tur,
1260 5198 1327 5268 tibi
1349 5199 1488 5272 mittam
1510 5203 1755 5302 qualecunque
1776 5199 2006 5304 ἀπίδωρογς
2037 5227 2140 5300 prae·

97 5293 175 5366 siis.
206 5287 261 5361 Ac
272 5289 397 5379 scripsi
410 5291 603 5383 quaedam,
628 5313 718 5383 quae
731 5290 798 5361 tibi
809 5293 997 5366 iudicanda
1010 5298 1095 5368 mit·
1505 5329 1515 5340 ·
2039 5353 2043 5362 ,
2132 5289 2133 5294 ’

94 5409 181 5467 tarn.
217 5387 442 5479 Staacaras,
467 5417 572 5487 quoru
588 5391 710 5464 vidisti
719 5384 966 5484 Ratisbonae,
989 5397 1092 5470 valde
1176 5421 1206 5491 s)
1225 5420 1287 5476 vta.
1303 5441 1363 5495 epp.
1378 5421 1406 5480 a.
1422 5423 1447 5479 s,
1461 5422 1525 5479 oca.
1544 5421 1620 5480 test.
