4654 5816
80 219 143 298 us
481 163 487 168 “
628 213 1077 298 -ausrouauuu
1123 212 1230 292 um.
1263 213 1331 292 xc
1386 211 1518 296 1⁵49.
2019 228 2110 307 uo.

80 395 218 462 dextram
235 387 319 476 Dei,
344 405 383 463 nt
400 394 460 464 det
473 381 568 464 dona
581 391 806 476 hominibus,
822 393 884 488 qui
900 417 983 464 vere
1000 393 1052 464 e'st
1108 475 1112 484 .
1305 384 1362 460 D.
1391 382 1627 460 Ambrosio
1651 384 1708 462 M
1713 389 1760 464 oi
1765 387 1886 468 dano

79 507 178 564 costos
192 488 369 562 Ecclesiae
384 519 488 582 suae,
514 513 627 568 servet
645 511 678 567 te
695 509 730 567 ct
745 489 938 564 Ecclesiam
955 509 1050 566 tuam

78 595 290 664 domesticam
313 609 348 664 et
371 597 560 686 publicam.
612 598 709 669 Bene
731 597 828 679 vale,
861 593 960 672 XVI.
978 595 1050 668 Cal.

77 695 232 766 Novemb.
284 693 372 766 Heri
395 699 538 769 advenit
554 697 793 792 'l'ubingensis
817 697 964 784 Lector,
989 723 1051 766 cu·

77 796 122 864 ius
140 793 335 887 Epistulam
358 797 506 884 misisti,
540 826 646 896 quern
674 805 719 872 ad
745 814 779 870 te
803 812 881 891 post
902 800 1049 868 biduum

77 909 254 969 venturum
267 921 340 970 esse
355 899 519 975 arbitror.

1101 519 1147 608 S.
1163 535 1207 608 D.
1246 534 1454 610 Reverende
1474 537 1547 618 vir,
1565 550 1601 608 et
1616 541 1726 610 amice
1742 537 1956 634 charissime,
1980 545 2088 640 Quod
2171 576 2173 584 ·

1098 638 1253 708 faustum
1270 651 1304 708 et
1318 639 1425 711 foelix
1441 639 1506 722 sit,
1531 639 1763 730 proficiscitur
1777 648 1823 716 ad
1836 660 1870 719 te
1884 647 2088 724 FiliusZa-

1101 731 1270 828 chorios,
1296 764 1352 808 me
1373 740 1478 810 etiam
1501 741 1674 830 probante
1694 745 1882 818 consilium
1903 751 1948 820 de
1968 755 2087 844 profe-

1099 841 1225 916 ctione.
1277 840 1367 912 Nam
1385 853 1418 911 et
1432 841 1507 930 ipse
1528 841 1588 932 pio
1604 843 1779 918 desiderio
1801 866 1989 941 parentum
2009 855 2087 926 aili-

1098 943 1208 1028 citur,
1240 955 1274 1014 et
1297 941 1398 1012 vobis
1420 965 1522 1034 spero
1547 943 1621 1014 eius
1654 961 1879 1038 conspectum
1913 954 2088 1048 voluptati

1097 1041 1195 1129 fore,
1219 1057 1252 1114 ct
1277 1057 1317 1114 ut
1336 1045 1447 1114 laetus
1471 1045 1702 1132 complectare
1722 1061 1820 1130 tuos,
1851 1066 1924 1123 toto
1944 1070 2085 1146 pectore

1098 1159 1199 1235 opto.
1242 1143 1354 1224 Recte
1375 1145 1500 1216 didicit
1515 1137 1728 1216 Zacharias
1750 1145 1995 1246 philosophiae
2015 1157 2087 1229 ini.

1098 1247 1165 1330 tia,
1191 1261 1225 1316 et
1244 1269 1346 1336 spero
1369 1271 1449 1315 eum
1473 1243 1652 1317 Ecclesiae
1668 1247 1744 1322 Det
1764 1252 1845 1322 usui
1858 1257 1946 1327 fore.
1994 1257 2086 1332 Nam

86 1386 133 1458 No
159 1386 260 1468 4608
904 1411 951 1474 ῃ
977 1402 1039 1469 Oct
1099 1363 1132 1418 ct
1149 1371 1263 1418 mores
1279 1361 1362 1418 sunt
1378 1342 1530 1418 honesti.
1562 1345 1677 1418 Filius
1690 1343 1884 1424 Iollmnes
1898 1381 1995 1428 nunc
2009 1357 2086 1432 Au-

78 1443 280 1528 „29
915 1452 1051 1528 „24
1095 1455 1228 1540 gustas
1244 1461 1313 1532 est,
1338 1473 1409 1542 quo
1424 1461 1459 1519 et
1471 1447 1583 1540 ipsius
1595 1450 1760 1542 discipuli
1773 1457 1920 1544 proiecti
1934 1475 2037 1548 sum,
2052 1480 2087 1537 at

466 1593 567 1680 Ed
871 1585 880 1590 -
1098 1546 1189 1620 mihi
1213 1551 1252 1619 in
1267 1550 1418 1621 aliorum
1431 1545 1602 1640 Epistolis
1618 1551 1767 1624 salutem
1792 1559 1948 1630 adscribi
1973 1563 2085 1638 iussit.

514 1622 530 1679 ι
565 1621 650 1680 em·
1098 1651 1262 1724 Decrevit
1282 1651 1388 1722 etiam
1410 1673 1493 1722 suae
1522 1653 1736 1724 valetudinis
1767 1679 1869 1727 causa
1898 1655 2086 1736 dedecere

128 1751 208 1821 Epio.
222 1752 257 1808 ad
272 1751 409 1812 camme.
422 1771 451 1826 p.
462 1755 514 1810 ota
524 1774 565 1828 sq.
584 1753 1011 1830 (ed.1.on‹t.tib.tV.ep.76t.).
1098 1753 1182 1824 artis
1197 1751 1359 1833 Medicae
1383 1753 1520 1824 studio:
1552 1778 1621 1846 qua
1644 1757 1687 1826 de
1708 1779 1749 1826 re
1767 1779 1869 1849 spero
1892 1762 2086 1836 firmiorem

72 1897 114 1976 C!
164 1907 172 1924 .
218 1909 224 1927 .
341 1909 350 1928 .
516 1911 553 1931 ,,
718 1913 724 1930 ,
1045 1913 1053 1933 ,
1097 1853 1292 1938 lore,cum
1312 1853 1379 1925 erit
1400 1854 1522 1924 aetatis
1537 1847 1647 1948 ἀκμή.
1698 1855 1789 1928 Nam
1807 1882 1908 1952 saepe
1922 1865 2085 1938 animad-
2120 1943 2123 1950 ,

113 1933 286 1980 orassemo
313 1935 389 1980 otro
416 1908 617 1984 eruditione
638 1921 670 1982 et
688 1923 817 1984 vertute
840 1923 1049 2034 praestante
1098 1954 1186 2023 veni
1202 1977 1350 2045 corpora
1362 1955 1623 2026 adolescentum
1639 1971 1719 2028 ante
1741 1955 1883 2054 ἀκμὴν,
1908 1988 1988 2036 cum
2009 1993 2086 2038 m-

71 2005 304 2082 Ioashrmo
330 2002 605 2114 Cameruroo
623 2014 828 2114 sratrasuo
846 2041 1049 2100 carissimo,
1097 2067 1252 2142 scetem,
1281 2056 1405 2124 mum,
1433 2056 1568 2126 morbis
1598 2060 1814 2146 conflictari,
1847 2089 1936 2156 quae
1965 2085 2085 2159 pom,

72 2151 111 2237 S.
133 2161 175 2237 D.
231 2162 306 2236 Sua
334 2163 462 2258 cuique
484 2163 598 2236 virtus
624 2165 810 2256 praecipue
832 2167 1050 2238 benevolen.
1097 2157 1299 2228 confirmata
1322 2171 1424 2240 sunt,
1454 2159 1670 2248 consumptis
1695 2160 1767 2229 illis
1792 2157 2002 2238 humoribus
2027 2195 2087 2240 re·-

70 2267 142 2336 tiam
161 2277 195 2334 et
216 2265 445 2336 autoritatem
467 2266 577 2357 parit,
611 2279 646 2336 et
666 2267 762 2338 Deus
782 2267 883 2339 addit
903 2263 1050 2363 ἀξίωμα
1096 2259 1349 2332 dundautibut.
1397 2255 1575 2328 Dominus
1599 2257 1829 2334 nosietlessus
1844 2261 2006 2340 Christus
2023 2269 2088 2342 Fl-

70 2368 160 2436 honis
175 2367 327 2440 mensib,
379 2364 498 2455 Quam
518 2367 589 2436 scio
613 2391 687 2438 non
705 2369 870 2440 defutura
892 2393 966 2440 esse
989 2394 1049 2460 ge.
1096 2360 1165 2428 lius
1178 2357 1266 2445 Dei,
1292 2373 1327 2430 te
1348 2372 1383 2428 et
1404 2371 1484 2430 tuos
1498 2359 1687 2432 clementer
1701 2377 1827 2438 servet.
1878 2365 1975 2440 Bene
1996 2373 2085 2450 vale.

71 2494 143 2537 nero
163 2483 225 2538 tuo
236 2463 297 2560 ⁴),
322 2468 400 2536 viro
425 2469 652 2557 integerrimo
680 2471 796 2541 studia
817 2465 1048 2542 honestorum
1095 2462 1156 2560 22·
1175 2456 1304 2536 Ociob·
1356 2451 1546 2538 otlander
1571 2465 1728 2536 movebit
1750 2488 1824 2536 non
1845 2492 1952 2560 parva
1973 2487 2085 2547 certa-

70 2571 213 2640 rirorum
227 2559 421 2662 Cygneae,
446 2595 485 2639 ac
498 2571 615 2640 Deum
632 2585 814 2640 aeternum
831 2586 966 2664 patrem
983 2576 1048 2642 do·
1097 2563 1205 2636 mina·
1256 2560 1592 2636 Dssusadsilssobib

71 2673 145 2740 mini
167 2671 285 2742 nostri
309 2671 386 2740 lesu
409 2665 543 2742 Christi
564 2673 743 2741 custodem
764 2669 944 2742 Ecclesiae
965 2695 1047 2744 suae
1608 2683 1610 2688 '

71 2797 137 2860 oro,
161 2787 253 2844 utet
271 2773 391 2862 ipsum
410 2772 582 2863 gubernet
596 2785 630 2842 et
646 2773 750 2844 faciat
774 2779 904 2854 σκεῦος
916 2771 1046 2856 ἐλέους.

71 2875 215 2944 volebam
232 2887 353 2944 autem
371 2887 406 2943 et
419 2875 538 2944 adesse
552 2873 684 2959 initiis,
709 2888 744 2943 et
760 2877 933 2945 adducere
957 2877 1047 2946 ami-

72 2997 134 3057 cos,
157 2989 198 3046 ut
214 2975 297 3044 istic
311 2996 390 3042 eum
406 2974 625 3060 audiremus,
648 2988 682 3044 ct
703 2975 839 3068 aliquid
859 2976 1047 3046 alacritatis
1107 2975 1173 3048 No.
1189 2974 1302 3064 4610.
1926 2994 1986 3058 22.
2010 2985 2083 3056 Oct.

72 3079 198 3146 adderet
211 3075 412 3150 comitatus.
461 3073 529 3146 Sed
548 3100 602 3144 me
621 3076 790 3146 iudicium
809 3079 938 3148 tutelae
961 3079 1046 3147 reti·
1099 3072 1306 3106 m
1605 3113 1611 3120 ·
1916 3075 2121 3106 Μ’

72 3177 152 3258 nuit,
188 3178 228 3246 in
253 3200 326 3271 quo
351 3179 395 3244 de
414 3168 638 3246 Stacmanni
658 3172 872 3250 haereditate
893 3179 1048 3248 rationes
1362 3191 1419 3278 H,
1442 3188 1825 3306 meqartmro·

71 3281 253 3350 retulimus.
315 3275 387 3347 Nec
414 3278 534 3346 abesse
556 3279 600 3345 ab
633 3301 672 3347 ea
703 3281 904 3369 cognitione
937 3281 1048 3372 potui,
1102 3277 1108 3291 “
1591 3278 1600 3302 ’

73 3381 225 3470 cumipse
240 3377 371 3448 luerim
387 3391 500 3460 tutor,
523 3380 697 3450 cruciatus
719 3405 738 3450 a
760 3382 893 3451 calculo
920 3381 989 3452 orti
1013 3395 1048 3452 et
2124 3452 2145 3472 μ

72 3482 338 3563 obstructiones,
364 3479 427 3548 etsi
444 3475 559 3548 adbuc
580 3475 742 3560 haerent,
768 3495 885 3552 tamen
901 3508 956 3552 me
972 3507 1048 3584 non
1094 3499 1253 3578 clariss,
1284 3504 1361 3575 ..im
1394 3537 1444 3553 -
1472 3541 1519 3558 -
1557 3499 1612 3576 D.
1638 3501 1921 3603 Hieronymo
1947 3507 2085 3585 Bom-
2119 3473 2128 3488 Ι

718 997 812 1076 Phil.
825 993 1001 1072 Melanth.

82 1233 544 1252 Ἥ

1162 3349 1186 3420 1»
1203 3347 1240 3402 Er
1254 3347 1419 3419 autographo
1434 3344 1564 3402 Melautb.
1579 3345 1606 3398 in
1620 3348 1682 3404 cod.
1696 3349 1808 3410 Monac.
1823 3348 1845 3406 l.
1861 3369 1888 3422 p.
1901 3353 1961 3411 265.
2013 3363 2016 3374 '

71 3583 298 3652 retinuissent.
354 3579 522 3649 Nondum
545 3583 649 3650 etiam
673 3579 835 3680 γαμικὰς
859 3579 1049 3664 ἐπιστολὰς
1093 3617 1199 3703 garg
1209 3631 1259 3677 M
1269 3630 1337 3688 ro,
1362 3602 1529 3676 senatori
1552 3599 1712 3698 inclytae
1727 3607 1829 3680 orbis
1843 3607 2086 3712 Noribergoe‚
2208 3591 2210 3597 Ι
2302 3671 2306 3686 .

72 3683 207 3752 scribere
222 3679 344 3774 potui,
370 3678 537 3772 Impediit
553 3706 609 3750 me
634 3679 741 3752 hodie
757 3685 928 3754 iudicium
951 3697 1047 3755 tute-
1409 3705 1528 3776 amico
1552 3731 1619 3776 530
1646 3707 1774 3784 caris„

71 3785 131 3868 lae,
153 3798 193 3856 ut
208 3808 276 3852 nec
292 3776 457 3850 Erosmo
477 3777 646 3853 Sorcerio
667 3785 798 3854 litteras
814 3789 897 3856 dare
921 3801 1048 3878 potue·
1114 3843 1128 3876 ,
1613 3855 1623 3871 ‚
1869 3873 1870 3878 ἵ
2036 3869 2046 3886 .

72 3887 137 3952 rim.
187 3884 314 3955 Postea
328 3883 439 3972 igitur
454 3885 587 3974 vesperi
605 3881 699 3955 hunc
722 3887 891 3956 nuncium
916 3891 959 3958 ad
985 3913 1047 3957 vos
1095 3843 1145 3927 b·
1166 3853 1212 3927 D·
1264 3853 2085 3948 Εῗάθ59110ΒΜΜΨ(ΙΜΠῙΠῙΠΗΠΠΗΕΙΕ-

72 3987 112 4054 5„
128 3989 220 4058 iussi·
274 3983 370 4054 Deus
384 3999 416 4054 ,e
438 4000 469 4054 ep
489 3983 679 4054 Ecclesiam
706 4001 801 4057 ,uam
820 3989 1047 4058 domesticam
1098 3961 1236 4042 bamus,
1264 3971 1299 4025 et
1319 3959 1362 4026 de
1377 3955 1616 4064 Hyperboreis
1642 3957 1940 4046 disputationibus
1961 3970 2086 4062 scripsi

73 4102 181 4160 „ML
235 4085 335 4156 Bene
350 4087 445 4172 vale,
468 4085 530 4160 Xl.
547 4083 621 4158 Cap·
639 4085 728 4160 ppo,⁸
1096 4062 1133 4127 in
1155 4059 1316 4150 pagellis,
1344 4081 1433 4176 aptiae
1454 4061 1585 4125 ntrucio
1604 4051 1772 4162 Auplreac
1792 4065 1873 4132 dedi
1887 4059 1930 4158 *).
1982 4067 2085 4144 Hanc

411 4183 422 4198 ·
1096 4161 1278 4251 epistolam
1301 4182 1423 4248 scripsi
1445 4173 1586 4246 rogatus
1607 4159 1653 4229 ab
1678 4163 1898 4234 adolescente
1914 4167 2085 4242 Noriber-

620 4233 998 4332 PhilippusMelanth.
1098 4285 1219 4351 gense,
1252 4254 1402 4328 Andrea
1423 4255 1609 4344 Trecelio,
1648 4262 1709 4354 qui
1732 4279 1852 4335 narrat
1871 4268 1937 4336 tibi
1960 4285 2084 4344 notum

1099 4385 1172 4432 esse
1196 4385 1298 4434 suum
1322 4374 1476 4452 patrem,
1500 4357 1767 4455 Hieronymum
1787 4360 2009 4459 Trecelium,
2032 4377 2095 4447 ci-'

79 4499 1048 4560 ‘'u“*““‘'‘.*“““‘’““'‘'*‘““
1100 4487 1176 4533 vem
1193 4477 1361 4537 vestrum.
1412 4461 1546 4534 Natura
1561 4466 1790 4535 adolescentis
1805 4471 1962 4542 modesta
1984 4479 2085 4548 est'ct

1100 4565 1279 4635 doctrinae
1300 4579 1423 4656 capax,
1456 4579 1489 4634 et
1520 4565 1589 4642 iam
1614 4566 1839 4637 mediocriter
1868 4570 1994 4646 didicit
2013 4577 2085 4648 lin-

82 4667 139 4744 Νη,
154 4663 266 4746 4609,
907 4687 965 4749 22.
979 4679 1051 4746 On.
1100 4691 1212 4758 guam,
1234 4667 1380 4736 latinam
1412 4679 1446 4734 et
1474 4665 1574 4734 initia
1599 4661 1871 4759 philosophiae..
1913 4673 2033 4764 Quare
2055 4681 2086 4749 si

79 4767 279 4808 ννν
605 4761 610 4768 ’
882 4771 1043 4798 *⁹⁸²⁸*
1100 4781 1260 4860 parentes
1275 4782 1356 4836 sunt
1372 4768 1561 4858 inopes,te
1579 4791 1662 4858 oro,
1683 4784 1723 4840 ut
1740 4771 1815 4840 eius
1830 4775 2004 4846 rationem
2021 4775 2087 4850 ha-

405 4871 467 4958 A·
496 4869 730 4958 Moibam,
815 4893 817 4904 ’
1099 4869 1333 4986 beatisinter
1359 4891 1437 4950 eos,
1470 4887 1621 4961 quorum
1647 4871 1999 4998 stutlia=liberalitate
2020 4905 2086 4972 pn-

131 5027 210 5098 Eptsc
226 5030 275 5088 tit.
290 5030 339 5090 tu.
354 5005 456 5102 μεθ.
473 5029 548 5100 (edit.
562 5027 654 5082 Lond.
672 5026 935 5102 tib.ttt.ep.139.),
1099 4971 1390 5143 Ῑὸῖἱῖἓῦῑῐῑξζευῐυτ.
1439 4967 1536 5039 Bene
1562 4983 1596 5038 et
1621 4973 1792 5043 foeliciter
1817 4977 1906 5050 vale.
1954 4981 2011 5050 dte
2027 4985 2087 5059 22.

77 5164 287 5188 “··---
512 5145 518 5154 ’
1607 5168 2036 5264 Philippuslllelanthon.

103 5250 129 5316 *l
145 5253 266 5312 Esromc.
338 5257 341 5266 ’
611 5270 616 5280 ’
1104 5279 1316 5292 .-.............

1132 5347 1163 5418 rt)
1181 5347 1229 5404 Est
1242 5347 1553 5497 episthaplpiaumgartn.
1567 5345 1594 5404 d.
1607 5344 1633 5401 9.
1649 5343 1743 5418 septb.
1757 5347 1833 5408 1549.
1846 5349 1917 5410 date.
