4654 5816
29 5635 44 5682 t

396 197 400 204 ”
449 194 456 230 l

55 247 119 322 dli

75 406 306 486 dilatasti
330 371 686 506 Detenturgto,
709 403 1003 486 cousuliNortlu

57 551 96 638 S.
118 561 157 638 D.
213 556 470 637 Honestissime
503 563 575 647 vir,
616 575 650 632 et
676 562 786 632 amice
813 553 1028 631 charissime.
1106 612 1116 628 .

20 697 21 702 ¹
55 665 151 737 Deum
166 677 358 750 aeternnm,
379 663 520 734 Patrem
535 661 681 760 meiui
699 661 812 732 nostri
827 659 905 732 Iesu
921 655 1029 732 Chri-

57 769 115 852 sti,
127 791 204 850 oro,
229 779 268 836 ut
288 788 351 834 vos
372 755 532 835 et'totarn
550 779 700 834 vestram
716 763 941 832 domesticam
957 759 1027 831 Ec-

57 869 175 938 clesiam
200 882 233 937 et
254 867 431 960 publicam
456 878 633 958 protegat,
666 863 834 937 etlilium
855 855 1026 933 Michoe'-

58 967 112 1038 lem
132 983 234 1058 regat.
290 965 463 1056 Hortatus
486 988 563 1036 sum
589 963 642 1036 M.
663 960 867 1046 Adomum,
899 978 940 1035 ut
963 957 1027 1032 hac

57 1065 160 1165 hyeme
176 1069 267 1162 apud
285 1094 348 1139 vos
364 1081 517 1138 maneat:
544 1064 684 1138 Nollem
701 1069 797 1136 enim
812 1067 882 1137 cito
897 1065 1026 1135 mutari

56 1168 235 1241 inchoatam
260 1171 537 1254 institutionem,
562 1191 652 1264 quae
670 1169 783 1263 qualis
800 1168 864 1249 sit,
894 1191 935 1237 ex
949 1165 1026 1258 ipso

56 1271 97 1346 M.
113 1266 253 1341 Adamo
272 1273 404 1342 audivi.
456 1269 628 1360 Magnum
643 1241 710 1340 Del
728 1269 937 1340 beneficium
954 1289 1026 1336 esse

56 1373 173 1458 iudico,
203 1375 300 1467 quod
324 1372 527 1444 adolescens
548 1373 618 1440 iarn
644 1370 753 1440 latine
776 1371 874 1462 loqui
891 1383 925 1440 et
939 1367 1025 1438 scri-

55 1475 123 1544 bere
146 1497 264 1544 versus
282 1488 315 1544 et
331 1475 481 1545 solutam
497 1472 693 1544 orationem
708 1487 887 1564 utcunque
902 1481 1027 1560 potest,

55 1589 81 1644 et
92 1589 262 1646 exercetur
278 1577 316 1644 in
331 1573 535 1658 Dialectica,
561 1569 793 1644 Arithmetica
808 1585 843 1642 et
858 1568 1026 1642 Elemen-

57 1677 90 1745 tis
110 1673 314 1768 sphaericis.
377 1673 426 1746 Et
457 1676 503 1743 sd
532 1669 619 1743 baec
643 1673 806 1763 adiungit
830 1671 1026 1742 doctrinam

56 1773 221 1870 chlesiae.
258 1777 412 1848 Meliora
428 1787 463 1846 et
479 1775 625 1846 utiliora
643 1775 735 1846 tradi
752 1797 842 1868 quae
859 1774 927 1844 alia
946 1797 1027 1864 pos-

57 1879 144 1948 suut?
198 1874 366 1970 Optarim
397 1877 507 1968 igitur
539 1872 631 1946 banc
665 1875 925 1947 institutionem
951 1897 1025 1943 non

59 1979 213 2070 abrumpi.
252 1983 257 1993 '

136 2079 330 2170 Scriptores
362 2081 471 2151 vicini
498 2078 546 2150 ita
573 2079 756 2151 cumulant
781 2075 964 2146 mendacia
993 2086 1028 2145 et

55 2179 243 2266 calumnias,
272 2195 308 2250 ut
326 2181 394 2250 iam
413 2205 468 2252 me
482 2205 620 2252 necesse
635 2181 680 2251 sit
695 2181 918 2272 respondere.
972 2173 1025 2246 De

55 2281 131 2350 exitu
142 2278 347 2352 Conventus
363 2278 580 2374 Arrgustuui,
615 2295 648 2352 et
670 2283 714 2351 de
739 2279 834 2349 hello
852 2277 1025 2350 Saronico

56 2405 137 2450 cnras
157 2397 188 2453 ct
205 2381 451 2482 sqlicitudiues
473 2398 610 2456 nostras
626 2381 702 2452 Deo
726 2383 1027 2458 commeudemus,

56 2482 127 2552 sicut
141 2485 307 2575 scripturn
326 2498 396 2554 est:
422 2487 514 2556 lacta
530 2509 650 2556 curam
668 2497 765 2554 tuam
781 2482 820 2550 in
835 2481 967 2566 Deum,
993 2492 1027 2550 et

57 2581 115 2672 ipse
136 2596 167 2652 te
189 2585 412 2656 sustentabit.
480 2585 670 2668 Videmus,
711 2580 775 2653 bas
806 2595 1027 2672 tempestates

56 2707 114 2751 uon
149 2709 248 2775 posse
280 2687 353 2774 regi
388 2688 518 2756 nostris
550 2685 842 2774 cogitationibus,
882 2697 917 2754 et
948 2683 1028 2754 vult

55 2779 148 2868 Deus,
170 2801 211 2858 ut
232 2788 302 2856 fide
318 2789 363 2856 ab
381 2787 461 2878 ipso
477 2802 657 2880 petamus,
686 2799 721 2855 et
734 2799 953 2876 expectemus
965 2786 1028 2854 ds·

55 2885 225 2956 laesionem
242 2901 277 2958 et
291 2891 594 2958 conservationem
614 2881 782 2958 honestae
794 2885 1028 2958 consociatio·

56 2985 98 3053 nis
114 2981 303 3072 Ecclesiae,
328 2989 479 3060 Politian
498 3005 533 3061 et
546 2987 802 3060 Oeconomicus.
858 2985 953 3056 Bene
966 3009 1029 3056 vs-

56 3085 116 3158 lete.
160 3087 338 3160 Postridie
353 3087 630 3162 Bartholomaei.

776 3185 979 3282 Philippus.

297 3692 361 3782 Α.
390 3693 750 3820 Hardenbcrpio.

112 3853 176 3928 Epp.
189 3857 224 3912 sd
238 3818 424 3927 ilardenberg:
437 3871 480 3926 ep.
494 3851 521 3906 ⁵.

117 4007 165 4080 D.
196 4003 755 4114 AlbertoUHardebergim
785 4001 952 4082 Bremue.

57 4139 95 4226 S.
116 4155 156 4230 D.
206 4153 415 4234 Reverende
438 4155 512 4236 vir,
538 4169 572 4225 et
589 4154 766 4224 carissime
782 4157 899 4228 frater.
926 4147 1026 4235 ‚Etsi
1068 4203 1085 4224 .

56 4269 181 4328 etastra
207 4275 242 4333 et
265 4258 425 4352 prodigia
439 4249 476 4350 ⁸)
501 4256 719 4326 denunciant
743 4277 889 4344 magnos
909 4269 1027 4326 motus

57 4353 223 4446 baroniae,
249 4375 368 4431 tamen
387 4357 489 4427 etium
507 4369 588 4426 aute
605 4349 690 4426 haec
707 4369 864 4447 tempora
882 4379 1025 4446 magnas

58 4478 166 4544 poenas
187 4459 314 4544 metui,
344 4473 487 4552 propter
504 4481 631 4531 mores.
682 4455 768 4526 Vidi
787 4455 943 4528 adiectus
960 4457 1018 4526 do-

57 4559 188 4630 centium
212 4575 247 4634 et
273 4553 495 4654 principum,
519 4557 594 4627 vidi
620 4557 742 4652 populi
761 4557 960 4644 licentiam,
990 4573 1024 4628 et

57 4655 241 4752 disciplinae
254 4661 535 4732 dissolutionem.
581 4655 700 4744 Nunc,
720 4673 761 4728 ut
776 4655 953 4729 Iohannes
966 4657 1023 4728 in-

58 4759 137 4848 quit,
160 4765 287 4834 securis
309 4761 430 4832 arbori
452 4761 602 4852 impacta
624 4775 685 4830 est.
737 4753 1020 4832 Oremus-autem

57 4849 168 4930 titium
185 4861 269 4946 Dei.
299 4861 496 4942 Dominum
519 4873 680 4934 nostrum
697 4857 812 4931 lesum
826 4855 1022 4950 Christum,

57 4970 156 5054 utpro
169 4965 270 5036 nobis
286 4963 480 5037 intercedat
494 4960 589 5055 apud
604 4977 785 5032 aeternum
804 4975 934 5053 patrem
944 5009 965 5046 ,Υ
981 4977 1022 5034 ut

58 5078 170 5146 poenae
196 5062 393 5152 leniantur,
427 5075 612 5134 serventur
639 5061 810 5156 reliquiae
833 5059 1020 5155 Ecclesiae,

59 5179 108 5228 rec
128 5163 182 5234 liat
204 5161 341 5269 ethnice
367 5163 558 5268 barbaries.
630 5159 787 5258 Expecto
813 5165 917 5236 avide
943 5180 1020 5238 tuas

59 5312 263 5338 *Ut-huba·-

83 5379 108 5448 'l
123 5383 160 5452 lis
173 5387 299 5465 prodigite
310 5391 369 5454 vid.
382 5409 463 5466 supra
479 5391 506 5451 d.
517 5389 562 5450 ts.
575 5389 635 5468 les.
650 5397 677 5450 et
691 5389 720 5448 d.
734 5391 786 5450 tt.
795 5391 871 5466 Aug.

577 171 1040 318 -srtsrocssu'u
1095 235 1204 318 cre.
1237 189 1505 326 xusqssso.
1647 318 1662 328 ,
1767 237 1772 244 ·

1997 229 2072 310 660

1080 409 1218 494 literas,
1244 409 1308 480 etsi
1326 410 1481 504 colloqui
1498 409 1629 494 malim,
1649 423 1684 482 et
1703 413 1862 482 nondum
1878 430 1976 502 spem
1993 409 2069 480 col·
2176 495 2177 500 ἵ

1079 509 1193 604 loquii
1205 511 1329 586 abieci.
1377 509 1467 581 Nam
1484 525 1518 582 et
1533 512 1669 582 decreta
1683 526 1878 584 conventus
1890 509 2067 604 Augusta-

1079 636 1136 697 nr,
1170 624 1206 683 et
1226 604 1470 704 vicinorum‘)
1493 611 1675 682 mendacia
1699 615 1842 682 tandem
1865 624 1990 702 cogent
2010 635 2067 680 me

1079 707 1164 782 binc
1194 714 1384 788 discedere.
1441 709 1491 782 Et
1520 713 1679 803 migrabo
1707 738 1780 784 non
1811 714 1962 798 invitus,
2001 713 2068 782 etsi

1079 809 1175 884 bunc
1197 827 1335 884 coetum
1357 813 1641 885 doctissimorum
1659 807 1866 900 hominum,
1891 838 1971 886 cnm
1986 815 2068 907 qui-

1078 916 1145 984 bus
1170 913 1239 984 iam
1259 939 1371 986 annos
1390 915 1560 1005 tringinta
1575 913 1861 986 coniunctissimo
1875 912 1966 1001 vixi,
1992 937 2068 986 nun

1078 1015 1231 1086 libenter
1252 1017 1392 1100 desero,
1419 1019 1479 1086 sed
1495 1039 1566 1110 quo
1586 1018 1658 1087 lata
1679 1012 1837 1101 trahent,
1869 1011 2068 1088 retrahent·
2138 1049 2153 1068 =
2199 979 2207 994 .

1078 1141 1165 1211 ‘1¹¹⁰’
1196 1138 1397 1211 “lumili-
1447 1116 1577 1188 Colaut
1591 1118 1737 1188 culicem
1752 1117 1810 1188 isti
1829 1116 1992 1188 Flaviani
2008 1110 2067 1208 *')

1078 1231 1112 1288 et
1131 1219 1304 1288 devorant
1318 1217 1521 1304 Camelum,
1553 1231 1588 1290 et
1610 1219 1697 1289 tales
1713 1233 1815 1290 autea
1836 1242 1982 1312 quoqne·
1998 1217 2067 1286 im·

1079 1318 1265 1412 pedicrunt
1304 1319 1571 1414 inquisitionem
1606 1321 1784 1405 veritatis,
1824 1333 1860 1392 et
1893 1319 2069 1392 duxeruut

1079 1421 1175 1510 vulgi
1206 1421 1394 1492 licentiam.
1453 1419 1550 1493 Deus
1573 1421 1663 1492 adsit
1689 1421 1803 1495 nobis.
1859 1419 1958 1492 Bene
1979 1419 2069 1492 vale.

1076 1519 1144 1592 Die
1157 1519 1220 1598 25.
1235 1517 1400 1613 Augusti.

1587 1636 1774 1733 Philippus
1794 1633 2020 1712 Melanthon.

1095 1867 2073 1896 mmm—*ww

1478 2215 1661 2309 Eidem.

1179 2383 1246 2456 epp.
1264 2384 1300 2440 sa
1313 2382 1500 2452 assensa...
1517 2384 1610 2458 ...ro

1250 2536 1307 2612 D.
1335 2537 1531 2612 Alherto
1553 2483 1892 2638 Hardebergio.

1079 2675 1130 2763 S.
1152 2685 1199 2759 D.
1237 2685 1533 2773 Reverendevir,
1558 2701 1592 2758 et
1608 2690 1786 2758 carissime
1803 2691 1920 2763 irater.
1954 2686 2071 2760 Pauca
2139 2707 2158 2736 ⁸

1079 2813 1193 2882 nuper
1208 2787 1237 2882 ¹)
1257 2789 1381 2880 scripsi
1404 2811 1477 2859 nou
1498 2803 1569 2860 tam
1584 2793 1628 2860 de
1642 2791 1848 2884 quaestione
1865 2787 1913 2882 ²),
1939 2789 1978 2859 in
1999 2815 2070 2884 qua

1078 2891 1317 2964 consideranti
1331 2911 1411 2960 vera
1428 2903 1462 2960 et
1476 2892 1658 2983 perspicua
1674 2893 1879 2964 testimonia
1889 2893 2071 2962 vetustatis
2178 2925 2180 2930 v

1080 2994 1178 3062 nulla
1193 3005 1245 3062 est
1257 2991 1485 3082 ambiguitas,
1514 3007 1619 3086 quam
1635 2993 1679 3062 de
1692 2985 1770 3064 meo
1784 2993 1908 3064 dolor'e
1924 2991 2070 3086 ingenti.

1059 3089 1191 3164 ‘Vides
1222 3093 1337 3178 enim,
1374 3107 1546 3186 quantum
1574 3095 1736 3166 nocnerit
1758 3093 1944 3166 dissidium
1966 3093 2071 3168 illud.

1080 3193 1318 3268 Confirmatns
1334 3209 1385 3265 est
1399 3215 1513 3279 error,
1546 3207 1581 3265 et
1594 3207 1696 3266 aucta
1710 3195 1897 3267 insolentia
1914 3190 2072 3266 bostium

1080 3295 1248 3370 veritatis.
1297 3293 1351 3364 De
1365 3291 1434 3365 boc
1449 3319 1527 3366 meo
1543 3296 1667 3366 dolore
1681 3309 1796 3368 tecum
1812 3295 1913 3392 loqui
1927 3295 2070 3366 mallem

1081 3421 1211 3470 coram.
1264 3395 1335 3466 Nec
1357 3397 1505 3487 despero
1525 3397 1755 3492 colloquium.
1805 3397 1897 3470 Nam
1914 3396 2072 3468 fortassis

1081 3511 1276 3569 conventus
1292 3494 1521 3588 Augustanus
1535 3498 1649 3590 pariet
1665 3501 1794 3584 edicta,
1818 3523 1909 3594 quae
1926 3522 1990 3568 nos
2010 3522 2090 3567 con

1081 3614 1164 3692 gent
1192 3601 1249 3668 vel
1276 3623 1368 3668 nova
1393 3598 1496 3667 exilia
1524 3601 1711 3691 quaerere,
1743 3600 1800 3668 vel
1821 3599 1894 3692 pati
1913 3597 2070 3672 duriora.

1081 3701 1152 3774 Sed
1175 3695 1262 3770 haec
1284 3699 1358 3769 Deo
1380 3701 1602 3774 commendo.
1653 3698 1756 3770 Nunc
1774 3701 1986 3792 respondere
2002 3723 2070 3770 no-

1081 3802 1162 3874 stris
1183 3799 1309 3871 vicinis
1334 3822 1451 3888 cogor.
1502 3799 1591 3870 Nam
1612 3801 1796 3871 manifesta
1820 3800 2069 3884 calumniasse,

1081 3909 1175 3998 quod
1193 3903 1231 3972 in
1247 3899 1538 3994 scriptoLipsico,
1551 3902 1614 3971 nbi
1629 3901 1668 3970 fit
1681 3901 1816 3973 mentio
1833 3901 2069 3986 obedieutiae,

1079 4006 1251 4075 omittunt
1295 4003 1530 4071 vocabulum:
1596 3999 1867 4094 &ebltlldm
1910 4000 2069 4096 dicim*

1078 4106 1156 4197 [om
1169 4101 1217 4196 ³),
1242 4116 1282 4173 ut
1296 4103 1466 4193 scriptum
1481 4115 1532 4172 est
1549 4101 1593 4172 lu·
1604 4100 1825 4200 Archetypo,
1844 4105 1908 4177 etsi
1924 4125 1970 4176 ne
1984 4115 2070 4177 tunc

1079 4207 1221 4302 quidem
1246 4203 1457 4294 subscriptio
1481 4205 1602 4275 addita
1624 4218 1687 4276 est.
1738 4205 1889 4278 Talibus
1913 4205 2068 4278 artificiis

1078 4326 1337 4400 oppugnamur.
1385 4299 1435 4376 Et
1457 4305 1572 4376 dicam
1597 4294 1739 4400 aliquid
1757 4309 1801 4378 de
1815 4305 1934 4379 Stoica
1948 4329 2067 4376 neces-

1076 4411 1177 4482 sitate
1200 4421 1236 4478 ct
1258 4409 1302 4478 de
1323 4405 1482 4484 Trunco.
1545 4406 1687 4496 Quaeso
1708 4419 1748 4478 ut
1771 4403 1860 4479 boio
1880 4399 2066 4480 tabellario

1076 4511 1211 4606 aliquid
1226 4511 1286 4580 des
1298 4509 1492 4586 literarum.
1541 4507 1640 4582 Bene
1654 4523 1689 4578 ct
1704 4509 1855 4581 feliciter
1868 4509 1956 4580 vele.
1998 4505 2070 4580 Die
2091 4499 2095 4508 ¹

1074 4611 1135 4688 29.
1149 4608 1312 4702 Augusti.
2054 4611 2056 4616 ’

1583 4722 1773 4822 ιιιιῑρρι..
1793 4723 2016 4829 netues...
2145 4711 2148 4722 '
2261 4695 2282 4834 j

1072 4865 1280 4900 &aarum

1105 4983 1138 5054 ⁰)
1153 4980 1236 5041 Flaeil
1252 4981 1424 5053 aliorumque
1438 4973 1642 5055 Msgdelsnrgss
1654 4983 1830 5038 vesuntium.
1939 4989 1945 5000 “

1105 5085 1149 5152 ”l
1167 5083 1322 5139 meieni)
1354 5079 1417 5136 sete
1429 5079 1545 5137 lorinus
1555 5081 1704 5156 scriptume
1722 5080 1862 5136 Flnclani.

1107 5187 1135 5255 l)
1153 5185 1180 5242 d.
1191 5185 1235 5239 24.
1249 5181 1302 5238 lul.
1316 5181 1380 5240 tus.
1492 5205 1493 5208 ¹
1621 5209 1625 5217 ²

1104 5289 1142 5361 2),
1155 5284 1287 5345 videlicet
1299 5281 1333 5353 de
1348 5299 1422 5340 sacre
1436 5299 1536 5342 eone.

1105 5390 1134 5462 3)
1152 5385 1216 5444 vid.
1229 5385 1376 5458 scriptume
1396 5383 1509 5440 luserim
1525 5379 1673 5456 Lipsiease.
