4616 5812
206 217 281 296 tor
789 203 1231 311 urrsroaaaou
1267 205 1384 293 ara.
1419 205 1511 298 ιι·
1536 210 1673 294 arao
2178 223 2257 302 toa

202 389 291 475 Dei,
313 411 387 459 nou
409 383 556 476 dubitu',
580 387 696 462 lilium
713 384 802 474 Dei,
832 384 1021 462 hominurn
1043 399 1206 460 nostrum
1260 383 1574 478 rumtsertprorum
1598 373 1848 480 magnifacit,
1886 408 1922 466 et
1945 394 2132 486 ingenium
2157 414 2265 482 amat,

207 489 326 562 Iesum
350 485 558 574 Christum,
588 489 794 564 crucifixum
817 515 884 582 pro
914 490 1034 562 nobis·
1049 501 1085 562 ct
1109 512 1209 562 rosu-
1261 487 1401 560 eu'amti
1414 489 1578 560 nondum
1592 489 1687 564 inter
1705 515 1770 563 voe
1786 495 2017 570 notiliffiuit·
2066 497 2141 571 Nec
2156 501 2266 572 dubi-

208 593 394 680 scitatum,
419 595 599 666 custodem
612 587 792 666 Ecclesiae
810 615 912 680 auae,
936 593 1043 664 etiam
1057 605 1140 663 tuae
1155 592 1210 660 fa·
1259 601 1318 674 to,
1342 587 1410 660 tibi
1431 589 1587 662 vicissim
1611 593 1788 687 voluptati
1803 596 1881 668 fore
1894 585 2063 698 Corpori
2085 602 2265 674 eruditio-

207 694 329 766 miliae
362 695 638 768 benedicturum
681 719 793 772 esses
824 691 994 774 Eruditio
1026 706 1061 765 et
1094 693 1208 764 virtus
1259 713 1342 760 nem
1356 701 1391 760 et
1407 715 1547 763 morum
1564 699 1793 782 suavitatem,
1816 720 1899 770 eum
1923 699 1964 770 in
1984 701 2167 798 colloquio
2187 705 2265 775 eius

209 797 346 888 egregia
363 797 470 870 estin
486 791 639 868 Doride
654 789 788 893 filt0·),
808 811 843 868 et
859 799 993 887 gaudeo
1015 809 1077 868 tua
1091 817 1209 882 causa,
1261 804 1426 864 naturam
1455 793 1714 870 considerabis.
1770 796 1933 872 Tantum
1954 801 2064 894 igitur
2087 819 2190 898 peto,
2222 818 2266 876 ut

208 899 248 970 in
269 891 336 970 bac
359 911 421 970 tua
443 914 580 972 senecta
604 898 780 982 videtete
802 899 867 968 filii
883 897 1069 970 virtutem:
1095 911 1130 968 et
1143 919 1207 966 oro
1260 889 1356 964 huuc
1375 887 1552 988 hospitem
1574 913 1736 970 amanter
1751 901 1923 993 excipias,
1944 917 2065 996 postea
2089 917 2124 977 et
2146 919 2206 978 tua
2228 923 2266 978 et

207 997 348 1086 Deum,
371 1013 412 1074 ut
427 1015 463 1072 et
479 1015 513 1073 te
528 1013 561 1072 et
578 1013 677 1082 tuam
691 1002 919 1072 domesticam
934 997 1128 1072 Ecclesiam
1151 1008 1209 1070 lo·
1260 993 1371 1087 iptiut
1388 995 1503 1067 virius
1515 997 1794 1072 bemvoleutiem
1815 1003 1989 1076 intervos
2003 1007 2170 1080 acitabit
2182 1032 2266 1078 mu-

208 1117 281 1174 tam
298 1101 474 1196 gubernet
487 1117 522 1174 et
536 1116 663 1174 servet.
712 1099 816 1180 Hauc
829 1101 1014 1194 epistolam
1028 1095 1209 1172 dediDa-
1259 1109 1370 1170 tuam.
1420 1095 1600 1170 Fruamur
1620 1101 1659 1172 in
1671 1097 1728 1172 his
1742 1105 1851 1176 tantis
1865 1107 1982 1178 ruinis
1995 1131 2115 1180 rerum
2132 1105 2264 1180 huma-

210 1197 306 1290 vidi,
319 1217 368 1277 „ut
383 1205 429 1276 sit
444 1205 688 1276 testimonium
709 1217 744 1274 et
761 1217 902 1274 nostrae
923 1203 1117 1288 amicitiae,
1138 1225 1208 1296 qua
1260 1221 1389 1268 narum
1412 1199 1584 1272 suavitate
1608 1205 1792 1276 doetrinae
1817 1219 1853 1278 et
1882 1207 2061 1282 bonorum
2084 1205 2267 1297 amicitiis,

208 1306 314 1378 etiarn
329 1306 367 1374 in
382 1307 523 1380 coelesti
533 1301 690 1376 Ecclesia
704 1305 883 1391 fruemur,
909 1319 943 1378 ct
957 1301 1209 1376 familiaritatis
1261 1313 1435 1393 quantum
1471 1303 1697 1392 conceditur,
1730 1309 1827 1400 quod
1849 1307 1989 1402 ipsum,
2019 1311 2052 1381 si
2082 1313 2266 1403 sapienter

210 1431 291 1480 cum
315 1403 474 1502 Davide,
500 1431 606 1503 quem
632 1421 776 1500 propter
796 1407 1053 1492 eruditionem,
1082 1405 1208 1476 iudicii
1262 1401 1344 1486 fret,
1370 1401 1567 1493 posteritati
1583 1407 1813 1497 profuturum
1830 1422 1901 1496 eat,
1923 1422 1959 1484 et
1981 1435 2080 1484 nune
2100 1413 2146 1484 ad
2157 1437 2267 1484 cum-

210 1509 435 1600 gravitatem,
456 1511 536 1604 pios
551 1533 687 1596 mores,
701 1509 788 1580 etin
803 1511 903 1579 omui
919 1509 1036 1580 officio
1053 1507 1209 1600 diligen·
1252 1525 1406 1594 ,munem
1422 1507 1648 1578 concordiam
1662 1509 1851 1598 conducit,
1874 1524 1909 1583 et
1922 1511 2074 1604 speciem
2084 1509 2267 1586 Ecclesiae

209 1611 297 1682 tiam
312 1603 439 1704 diligor
484 1609 582 1683 Bene
598 1612 687 1686 vale.
738 1608 807 1682 Die
819 1609 864 1682 X.
879 1609 982 1684 Maii.
1260 1595 1502 1699 εὖπρόςωπον
1525 1608 1644 1684 efficit.
1695 1607 1807 1682 Liber
1826 1611 1965 1704 primus
1984 1606 2149 1712 μεγάλης
2170 1638 2267 1689 συν·

241 1712 245 1727 “
860 1707 1053 1808 Philippus
1068 1709 1157 1786 Mel.
1260 1698 1397 1787 τάξεως
1429 1705 1622 1780 Ptolemaei
1654 1714 1817 1782 noudum
1849 1713 2033 1788 absolutus
2054 1727 2146 1804 erat,
2182 1741 2267 1788 cum

1260 1801 1348 1878 haec
1367 1807 1567 1883 scriberem.
1617 1809 1763 1884 Mittam
1787 1827 2009 1888 autemeam
2033 1815 2192 1912 primum
2211 1831 2268 1912 ty-

1260 1901 1435 2000 pographi
1453 1911 1570 1982 edent.
1620 1911 1719 1984 Bene
1740 1927 1777 1986 et
1791 1913 1943 1988 feliciter
1959 1920 2062 1993 vale:
2103 1917 2267 1992 Salutem

479 2073 482 2082 ,
1261 2021 1346 2103 opto
1360 2009 1505 2102 collegis
1522 2012 1605 2090 tuis.
1655 2013 1724 2088 Die
1746 2015 1806 2094 10.
1820 2013 1924 2092 Maii.
2147 2049 2153 2060 ·

206 2095 405 2226 Q.
1041 2104 1100 2167 ¹⁰·
1112 2095 1199 2162 Mffi·
1869 2112 1965 2192 Phil.
1985 2109 2216 2194 Melanthum

1029 2188 1202 2224 Μ

632 2299 689 2387 Ν.
720 2300 773 2388 Ν.

278 2458 373 2532 (Edita
389 2457 420 2516 in
439 2461 465 2524 t.
484 2459 615 2532 tribuit.
629 2460 725 2530 marin
736 2477 782 2517 an.
796 2455 873 2515 1716.
886 2474 914 2532 p.
928 2455 1003 2528 ³88.)
1260 2505 1327 2578 No·
1345 2505 1459 2583 4631·
2098 2527 2119 2588 4
2130 2527 2163 2590 1·
2177 2516 2267 2583 Maii·

235 2613 465 2717 Excerptum
491 2628 540 2690 ex
566 2615 686 2690 literis
711 2613 766 2694 D.
780 2609 885 2689 Phil.
901 2607 1182 2700 Melanthonis.
2080 2609 2260 2644 *Ν

1504 2706 1616 2796 Alb.
1644 2708 2009 2828 Hordcnderpio.

212 2751 391 2842 Gratulor
414 2769 707 2864 tranquillitatem
731 2781 767 2840 et
779 2763 957 2840 Ecclesiae
979 2777 1014 2836 et
1036 2763 1209 2858 reipubli-

209 2896 270 2942 cae
295 2873 334 2942 iu
350 2895 459 2961 regno
476 2869 633 2956 Dauico,
659 2885 694 2942 et
710 2871 823 2940 filium
841 2866 907 2940 Dei
921 2892 1004 2954 oro,
1027 2868 1207 2941 sedentem
1352 2861 1441 2940 Epor.
1454 2865 1488 2922 ’ἆ
1499 2865 1684 2936 uertentem.
1698 2883 1742 2940 οΡ·
1754 2865 1799 2924 ³5·

208 2977 252 3043 ad
274 2975 433 3044 dextram
454 2973 590 3044 aeterni
611 2973 723 3066 patris
745 2985 779 3042 et
801 2971 1058 3044 custodientem
1081 2964 1208 3040 Eccle-
1437 3015 1481 3088 D
1519 3014 1685 3090 mm
1740 3019 1789 3092 H
1850 3017 1934 3093 db
2037 3021 2045 3041 .

209 3077 316 3157 siam,
341 3088 383 3145 ut
403 3089 438 3146 et
459 3097 525 3160 nos
547 3088 645 3164 regat
666 3087 701 3145 et
722 3083 882 3166 protegat
896 3086 930 3144 et
941 3065 1048 3143 isthic
1064 3092 1207 3166 quoque
1481 3071 1492 3095 '
1693 3044 1715 3091 ⁰
1789 3043 1844 3092 Μ
1884 3043 1902 3092 ⁶
1942 3045 2083 3118 nm·

208 3189 325 3247 servet
336 3171 516 3246 Ecclesiae
538 3175 707 3270 reliquias
729 3188 764 3248 et
780 3168 944 3266 hospitia.
995 3170 1039 3242 ln
1054 3168 1209 3244 Germa·
1259 3149 1308 3240 S.
1331 3165 1376 3239 D.
1425 3165 1498 3239 Nec
1513 3169 1697 3240 doctrinae
1715 3195 1781 3241 nec
1797 3173 1932 3242 rituum
1957 3169 1996 3241 iu
2010 3167 2170 3244 Ecclesia
2197 3198 2267 3242 nu-

207 3279 269 3348 nia
291 3278 423 3372 passim
446 3277 537 3348 liunt
553 3301 700 3369 maguae
722 3277 939 3348 mutationes
953 3287 987 3346 et
1002 3273 1208 3366 dissipatio·-
1259 3281 1328 3340 stra
1352 3271 1502 3340 motatio
1525 3271 1599 3341 ulla
1622 3272 1714 3343 facta
1738 3285 1807 3360 est,
1832 3298 1873 3343 ac
1897 3272 2027 3344 iniuste
2043 3271 2179 3346 faciunt
2197 3273 2268 3340 Vi-

208 3402 283 3454 nes.
340 3375 412 3450 Sed
437 3377 505 3449 Dei
532 3378 703 3450 beneficio
735 3377 775 3448 in
807 3390 930 3450 nostra
952 3371 1143 3447 Academia
1173 3388 1208 3445 et
1259 3371 1353 3456 cini,
1378 3375 1474 3465 quod
1491 3367 1658 3442 Ecclesiis
1672 3373 1804 3443 nostris
1820 3373 1954 3468 alioqui
1970 3373 2114 3444 moestis
2127 3389 2268 3464 augent

208 3475 276 3552 hac
291 3479 423 3552 vicinia
440 3473 558 3551 adhuc
573 3505 641 3552 vox
656 3479 839 3550 doctrinae
854 3473 1042 3568 Evangelii
1062 3492 1098 3550 et
1117 3475 1207 3548 alia·
1259 3473 1431 3542 dolorem.
1451 3475 1458 3491 ''
1482 3471 1554 3544 Sed
1577 3487 1618 3544 ut
1642 3495 1745 3566 spero
1765 3471 1850 3546 illos
1864 3473 2145 3567 adolescentulos
2164 3472 2268 3546 Ora-

208 3607 291 3654 rum
305 3583 435 3654 artium
451 3595 565 3658 sonat.
616 3578 665 3653 Et
676 3581 776 3652 nulla
792 3579 976 3651 doctrinae
992 3591 1054 3652 aut
1069 3579 1206 3652 rituum
1258 3585 1351 3646 tores
1364 3575 1544 3660 refutabo,
1559 3575 1766 3668 praesertim
1781 3601 1861 3647 cum
1878 3576 2072 3648 certamina
2085 3572 2269 3664 moveant,

206 3685 357 3758 mutatio
370 3685 461 3758 sacta
477 3697 542 3760 eat,
595 3683 654 3760 10,
673 3681 765 3767 Maii
780 3705 875 3754 anno
894 3679 1004 3760 1649.
1259 3675 1303 3745 de
1320 3673 1451 3769 quibus
1469 3675 1542 3746 dici
1557 3676 1638 3770 plus
1653 3677 1798 3769 prodest
1811 3702 1918 3772 quarn
1935 3679 1980 3748 de
1995 3677 2090 3749 linea
2105 3691 2204 3748 veste
2215 3669 2266 3768 ¹⁵).

1258 3772 1336 3866 Ego
1357 3800 1421 3847 mex
1435 3777 1631 3850 voluntatis
1649 3803 1747 3849 meae
1769 3779 2070 3882 conscicntiaqlin
2091 3773 2159 3848 bac
2184 3791 2266 3850 tota

1259 3901 1382 3964 causa„
1413 3903 1503 3972 quae
1527 3879 1598 3948 iam
1624 3881 1730 3950 annis
1748 3881 1895 3972 triginta
1914 3872 2051 3972 agitur,
2082 3880 2265 3955 consolor.

1258 3975 1341 4050 Non
1373 3975 1471 4048 movi
1502 3980 1577 4050 ulla
1603 4005 1697 4051 nova
1722 3983 1904 4072 dogmata:
1946 3981 2016 4054 Sed
2039 4005 2119 4052 cunr
2141 3995 2265 4054 esseut

206 4061 404 4145 le5800
1258 4093 1374 4167 mota,
1405 4081 1578 4174 quaedam
1603 4105 1643 4152 ex
1667 4105 1793 4174 magna
1815 4080 1966 4174 caligine
1990 4096 2025 4156 et
2050 4082 2265 4154 confusione

215 4161 390 4200 Μ
1259 4181 1473 4274 opinionum
1502 4181 1730 4254 mediocriter
1762 4185 1925 4256 evolvere
1946 4183 2090 4270 studui,
2126 4197 2163 4255 et
2184 4183 2265 4253 exi-

438 4365 442 4376 ·
537 4269 613 4358 Ge.
639 4271 865 4362 Fabricio.
1259 4284 1365 4354 stimo
1380 4308 1461 4354 eum
1476 4283 1543 4356 tibi
1557 4287 1716 4356 laborem
1732 4285 1888 4376 probari.
1939 4283 2138 4356 Meministi
2153 4283 2263 4355 etiam

1259 4385 1411 4476 gemitus
1433 4407 1531 4480 meos
1551 4387 1598 4457 'de
1613 4387 1827 4482 quibusdam
1853 4385 2014 4477 negotiis.
2071 4383 2142 4458 Sed
2167 4379 2263 4457 hanc

1035 4567 1043 4584 ἱ
1259 4487 1633 4558 commemorationem
1655 4489 1792 4564 omitto.
1850 4485 2143 4558 Beueuoleutiam
2159 4485 2261 4558 ”inter

236 4577 444 4682 Georgia
468 4575 718 4670 Fabricio,
741 4577 892 4678 gubern.
918 4573 1034 4658 schol.
1059 4575 1180 4657 Misn.
1259 4609 1326 4658 nos
1347 4601 1551 4680 perpetuam
1578 4611 1652 4660 esse
1676 4590 1782 4676 volo,
1805 4613 1847 4660 ae
1870 4588 1990 4660 literas
2011 4587 2082 4660 iam
2103 4609 2125 4660 a
2148 4599 2259 4660 teex-

1260 4701 1400 4781 specto,
1426 4703 1461 4761 et
1483 4689 1614 4780 flagito.
1664 4689 1702 4762 Si
1728 4691 1801 4777 illi,
1827 4689 1888 4786 qui
1914 4691 1953 4759 in
1978 4711 2036 4760 me
2057 4683 2260 4760 debachan-

1260 4804 1338 4876 tur,
1363 4790 1521 4862 veritatis
1544 4789 1814 4884 explicationem
1840 4792 1897 4884 pie
1919 4802 2105 4886 quaerent,
2124 4790 2260 4862 valeret

1260 4890 1397 4986 aliquid
1420 4893 1516 4984 apud
1539 4917 1599 4964 eos
1620 4893 1792 4966 memoria
1815 4881 2161 4976 vereris'amicidae,
2193 4913 2259 4961 nec

1259 5007 1357 5066 tauta
1389 4991 1580 5070 acerbitate
1604 4993 1644 5068 in
1673 5019 1740 5068 uos
1761 4994 1950 5070 saevirent.
2008 4987 2257 5066 Adlicerentur

1263 5143 1475 5166 und-

278 4434 302 4503 1·
319 4429 358 4486 Ea
371 4448 466 4506 apogr.
476 4428 505 4486 in
519 4429 616 4488 codice
630 4425 791 4489 Zittaviensi
805 4442 848 4498 ep.
863 4427 904 4484 if.

210 4717 261 4808 S·
285 4735 337 4816 D.
383 4733 487 4808 Hane
507 4735 693 4833 epistolam
707 4735 791 4806 dedi
806 4733 1001 4806 convicturi
1017 4757 1097 4806 meo
1111 4723 1208 4806 Cas-

207 4861 304 4936 paro
317 4833 491 4926 Peuceru,
517 4839 593 4908 viro
608 4840 713 4908 docto
729 4837 768 4908 in
785 4851 857 4908 tota
873 4829 1120 4928 philosophia,
1144 4839 1207 4932 qui

210 4959 253 5016 ut
264 4945 400 5017 aditum
414 4943 460 5014 ad
477 4955 512 5014 te
525 4963 565 5012 ac
578 4941 622 5008 ad
637 4937 829 5010 amicitiam
845 4953 942 5012 tuam
957 4932 1120 5026 haberet,
1146 4965 1209 5032 pe-

211 5045 310 5130 tivit,
327 5060 369 5118 ut
381 5045 428 5117 ad
443 5057 478 5118 te
493 5041 694 5118 scriberem.
744 5037 836 5112 Nam
851 5051 886 5112 et
901 5039 1111 5133 elegantiam
1126 5055 1207 5114 tuo-

211 5219 421 5240 m

1292 5239 1320 5312 ¹)
1338 5237 1357 5296 i.
1370 5257 1394 5298 e.
1410 5239 1443 5293 de
1462 5237 1539 5294 llneu
1558 5238 1722 5296 indumento
1741 5238 1820 5304 albo,
1837 5234 1867 5294 in
1888 5235 2101 5294 administranda
2113 5251 2199 5294 coeno
2211 5252 2257 5291 ev

247 5309 282 5386 i)
302 5315 329 5368 Is
348 5308 487 5385 profectos
506 5317 547 5365 ert
564 5307 614 5364 illo
632 5315 756 5382 ternpore
767 5301 802 5362 ed
816 5299 925 5377 nuptias
935 5299 1066 5376 stupetis.
1102 5301 1150 5363 Gi.
1161 5299 1212 5379 epi
1327 5327 1373 5362 ere
1393 5309 1544 5362 induendo.
1579 5309 1695 5363 tumeat
1709 5306 1856 5368 Menelaion
1874 5316 1905 5362 nt
1924 5326 1959 5364 eo
1973 5313 2258 5379 arenntupastorer,

277 5381 307 5438 el.
318 5379 346 5440 ⁶.
359 5378 427 5436 atrii
442 5389 470 5437 et
481 5378 511 5440 el.
524 5379 569 5454 rs,
580 5375 661 5440 Mati.
1319 5377 1375 5467 'qni
1386 5395 1454 5440 vero
1464 5379 1595 5456 putabant
1605 5377 1646 5438 rie
1658 5395 1688 5435 ee
1699 5377 1791 5434 redire
1802 5377 1837 5434 ad
1852 5375 2020 5452 Papisnaun·
