4658 5818
584 255 1017 340 EPISTOLARUM

822 497 825 506 .
895 437 1013 509 nou.

878 535 1015 564 Μ

39 265 104 338 ese

48 415 231 506 natent.

42 532 239 568 Μ

322 632 475 721 Ionon.
500 637 711 724 Mollem.

94 797 506 923 Etttttt‘tttfs'lttssttt'
510 797 930 921 ³⁵:21¹⁵l13t..¹³¹23.“ef.⁰.ft‘t{:
941 814 1015 920 ⁰3¹3:

124 947 198 989 etore
211 933 285 988 etit.
297 934 429 992 Melantb.
448 903 621 1006 Vitibergae,
647 936 800 992 Excudebst
816 936 874 988 lore
896 938 920 988 b.
932 903 1016 1006 ittug.

122 1007 203 1056 Anno
228 1006 306 1057 1550.
332 1004 357 1058 8.
376 1033 409 1048 -
446 1003 534 1056 Etiam
555 1005 583 1056 in
602 1003 674 1076 Opp.
696 1003 827 1060 Melantb.
903 1004 1016 1084 iteberp.

122 1073 155 1128 Τ.
168 1073 202 1128 ΙΙ.
219 1091 248 1144 p.
261 1073 322 1128 955.
339 1101 377 1112 -
410 1069 562 1142 Descripsit
581 1091 640 1126 cem
663 1073 784 1127 Lousios
801 1093 831 1125 ex
850 1073 936 1143 prima
955 1073 1014 1126 cdr-

123 1143 196 1198 tione
217 1141 285 1194 anni
306 1141 381 1198 1550.
417 1142 539 1196 Recusus
560 1151 600 1196 est
619 1141 951 1208 sternutamenta,
969 1141 1016 1194 ubi

120 1213 184 1266 baec
197 1209 312 1281 epistola
327 1229 385 1264 nen
398 1219 498 1263 mutata
514 1209 576 1263 fuit.
613 1209 675 1264 via.
693 1209 758 1264 Mel.
771 1211 847 1281 epist.
862 1211 894 1264 ed
908 1209 1015 1262 Molle-

119 1299 179 1334 rnm
193 1279 220 1332 d.
231 1279 453 1350 nenegasse.
472 1307 507 1318 —
542 1278 642 1332 Denuo
658 1277 745 1331 editus
759 1289 797 1330 est
809 1279 920 1332 Witeb.
931 1281 1017 1348 1⁵57,

121 1367 187 1422 quae
201 1347 291 1402 editio
303 1367 399 1404 recusa
412 1357 452 1404 est
464 1347 493 1402 in
504 1346 577 1420 Opp.
588 1346 722 1402 Melantb.
742 1345 902 1418 Witeberg.

38 1487 248 1580 Clarissimo
265 1503 361 1588 viro,
388 1501 590 1577 eruditione
610 1515 640 1576 et
656 1501 785 1577 uirtute
797 1505 1016 1603 praestanti,

38 1607 81 1680 D.
110 1601 355 1680 Iouehimo
387 1603 567 1678 Moller
596 1605 895 1702 Hombnrgensi,
931 1605 1016 1680 Do-

100 1710 188 1782 ctori
200 1707 230 1781 Ι
230 1711 331 1798 uris,
357 1703 561 1810 Philippus
579 1703 808 1782 Melanthon
835 1712 871 1784 S.
884 1711 930 1787 D.

1062 255 1170 335 Lib.
1202 251 1298 332 xli.
1352 253 1483 334 1560.
1988 261 2065 334 670

1064 445 1170 502 tuens
1195 431 1278 516 scit,
1315 451 1387 498 esse
1408 427 1550 498 unicam
1579 429 1672 500 vitae
1704 453 1866 504 normam
1891 432 2066 504 divinitus

1065 535 1253 616 traditam,
1287 555 1355 626 qua
1388 532 1463 620 regi
1491 531 1622 600 iudicia
1647 533 1687 602 in
1708 547 1844 617 mente,
1886 547 1920 604 ct
1941 557 2065 604 omnes

1066 637 1221 706 actiones
1236 629 1411 704 humanas
1430 646 1601 724 oporteat.
1650 632 1747 704 Haec
1762 637 1977 706 dubitationi
1997 661 2064 728 op-

1066 739 1167 829 ponit
1184 749 1218 806 ct
1231 733 1434 806 testimonia
1450 748 1597 804 naturae
1622 736 1810 826 impressa,
1837 751 1871 807 et
1892 762 2016 808 vocem
2043 761 2064 806 a

1065 838 1142 909 Deo
1158 839 1343 922 traditam,
1370 850 1404 906 et
1426 837 1583 927 exempla
1605 839 1883 910 resuscitationis
1901 853 2063 910 mortuo-

1066 967 1147 1012 rum
1164 955 1198 1012 et
1216 940 1355 1012 similia.

1169 1101 1240 1204 [De
1257 1102 1323 1177 bac
1338 1119 1433 1176 tanta
1448 1105 1672 1200 quaestione,
1699 1130 1744 1175 an
1762 1109 1806 1176 sit
1830 1101 2065 1198 providentia,

1068 1233 1148 1280 cum
1165 1223 1262 1279 tanta
1280 1210 1326 1278 sit
1340 1209 1500 1278 conlusio
1518 1209 1656 1298 generis
1680 1201 1850 1292 humani,
1876 1219 1909 1276 et
1929 1205 2063 1276 similes
2085 1285 2090 1290 ,

1068 1335 1256 1382 aerumnae
1285 1312 1462 1380 bonorum
1489 1311 1738 1397 etmalorum,
1770 1312 2001 1383 concionatur
2024 1307 2062 1374 in

1067 1409 1135 1484 hoc
1155 1413 1248 1484 libro
1264 1407 1514 1512 Salomon³).]

1171 1573 1397 1670 Quamquam
1414 1588 1531 1644 autem
1548 1575 1592 1643 de
1606 1569 1858 1668 argumento⁴)
1875 1573 1937 1644 alii
1959 1571 2064 1642 aliter

1070 1677 1179 1748 locuti
1204 1691 1305 1762 sunt,
1331 1689 1449 1746 tamen
1471 1676 1510 1744 in
1532 1671 1598 1746 hac
1621 1676 1793 1748 sententia
1817 1677 2001 1768 acquiesco
2028 1681 2064 1742 et

1069 1779 1205 1870 iudico,
1233 1801 1408 1848 summam
1424 1777 1540 1870 operis
1559 1773 1624 1847 hoc
1645 1779 1752 1846 modo
1768 1789 1861 1846 recte
1878 1775 2062 1846 distribui:

39 1850 138 1933 Mutii
155 1861 327 1932 omnibus
340 1858 578 1950 temporibus,
603 1859 782 1931 intuentes
800 1858 1016 1930 tristissimas
1069 1895 1177 1952 mam
1202 1881 1410 1949 concionem
1434 1902 1506 1948 οὓς.
1531 1879 1750 1963 doctrinam,
1784 1877 1966 1963 videficet,
1998 1877 2063 1946 ad.

40 1961 169 2034 lumini
204 1963 347 2054 80⁰²?ss
380 1961 625 2048 ⁶⁰¹¹s¹¹⁸i⁰¹¹²⁸2
658 1961 781 2030 ‘¹13³‘ss
811 1985 1016 2050 regnfflssms
1069 1981 1324 2052 severationem
1341 1983 1385 2049 de
1408 1981 1649 2072 providentia,
1674 1995 1708 2050 et
1731 1981 1979 2052 refutationem
1998 1980 2063 2048 ob-

40 2067 238 2158 Ρῖθῑῑῑῖδωῡ8
262 2063 428 2133 imeritus
451 2057 638 2132 h⁰f¹¹i¹¹¹¹¹¹¹
665 2065 914 2134 ⁵⁰⁰¹0f³l⁰f¹¹¹¹¹
941 2060 1014 2157 εῑι)
1071 2079 1325 2175 iectionum‘),
1351 2085 1389 2150 in
1405 2107 1473 2176 qna
1491 2083 1750 2152 consolationes
1766 2097 1848 2153 sunt
1864 2096 1899 2152 et
1914 2081 2063 2151 commi..

40 2169 189 2248 aliorum,
215 2190 372 2260 quorum
389 2187 504 2234 mores
517 2165 661 2234 luerunt
676 2165 828 2235 modesti
851 2179 885 2235 et
900 2165 1017 2236 incul-
1069 2187 1241 2257 nationes,
1297 2182 1377 2254 Etsi
1407 2207 1535 2272 magna
1558 2197 1610 2253 esp
1638 2183 1675 2251 3„
1701 2179 1767 2253 hac
1789 2185 1865 2253 vita
1889 2183 2063 2268 confusio,

40 2271 117 2360 Pili.
136 2270 368 2352 dubilflfflssfa
394 2289 440 2335 θ’]
457 2266 826 2384 ΡΥἿὙΜΘΠῘῙἏᾸῙῙῪῙΜ
849 2281 1016 2358 regimur
1069 2288 1215 2380 imperia
1239 2299 1363 2358 tenent
1382 2279 1546 2354 homines
1568 2285 1713 2368 iniusti,
1746 2286 1808 2376 qui
1832 2282 1948 2356 Deum
1975 2307 2062 2352 con-

40 2395 83 2441 128
103 2367 296 2458 humanae,
322 2391 369 2438 ³¹¹
391 2391 475 2437 vem
498 2391 574 2438 ⁸¹⁰⁰
593 2368 761 2486 ⁶⁰⁰⁸¹l¹⁰3
781 2368 839 2486 Yel
861 2365 1016 2464 PhySfCis
1069 2401 1243 2471 temnunt,
1258 2389 1385 2456 florent
1402 2388 1530 2476 opibus
1546 2387 1661 2480 impii,
1675 2383 1832 2457 Ecclesia
1848 2399 1941 2456 recte
1956 2385 2063 2456 invo-

41 2474 192 2556 ffl⁰fib11³‚
224 2471 285 2540 vel
313 2484 444 2540 femere
477 2483 510 2540 ⁰¹
536 2494 638 2542 ⁶0e⁰³
668 2483 843 2560 Vflfflfflsse
872 2486 906 2544 ⁰1
933 2495 1015 2542 ⁶³⁸⁰
1069 2491 1276 2562 cansDeum
1291 2484 1513 2559 horribiliter
1528 2489 1801 2580 premitur,vox
1814 2502 1908 2559 recte
1929 2490 2062 2560 docen-

41 2575 138 2644 omnia
151 2573 357 2646 volvantur.

121 2673 303 2744 Adversus
321 2670 413 2744 banc
435 2671 695 2744 dubitationem
712 2673 778 2746 etsi
792 2669 888 2744 Deus
904 2673 1014 2743 multa

42 2777 217 2849 testimonia
239 2778 282 2846 in
304 2775 379 2868 ipsa
396 2789 523 2846 natura
540 2776 725 2866 opposuit,
752 2777 864 2866 ipsam
888 2774 1015 2844 mundi

41 2881 184 2968 figuram,
214 2881 312 2947 vices
334 2887 496 2947 motuum
521 2877 726 2946 coelestium
749 2891 784 2948 et
804 2889 1016 2970 temporum,

41 2982 214 3050 mirandam
237 2979 508 3050 fabricationem
529 2991 676 3048 naturae
694 2974 892 3066 humanae,
916 2993 951 3050 et
977 2979 1015 3048 in

41 3085 197 3152 mentibus
217 3077 409 3151 hominum
430 3102 617 3164 numeros,
654 3081 893 3172 cognitionem
917 3081 1016 3152 ordi-

42 3183 100 3267 nis,
121 3184 309 3254 immotum
330 3183 520 3252 discrimen
543 3177 770 3278 honestorum
793 3197 827 3254 et
847 3183 1015 3274 turpium,

43 3286 254 3356 conscientiae
277 3285 435 3364 dolores,
467 3298 581 3354 terrae
605 3285 899 3370 foecunditatem,
930 3309 1014 3354 con-

43 3387 255 3456 servationem
276 3387 496 3476 singularum
519 3385 733 3478 specierum,
767 3410 896 3480 poenas
918 3401 1015 3458 atro-

42 3487 118 3556 cium
131 3491 315 3558 scelerum:
343 3501 462 3556 tamen
480 3501 515 3558 et
534 3486 702 3580 prodiens
721 3513 763 3557 ex
785 3513 910 3558 arcana
933 3491 1015 3576 sede

42 3588 190 3660 allocutus
215 3603 271 3660 est
294 3589 501 3660 universum
524 3612 635 3679 genus
654 3583 874 3676 bumanum,
906 3615 946 3659 ac
971 3593 1015 3660 de

42 3689 132 3761 salute
145 3688 334 3762 bominum
355 3693 449 3760 etde
466 3687 615 3761 venturo
631 3691 764 3762 iudicio
786 3693 1015 3762 concionatus

43 3803 96 3876 est,
117 3793 242 3888 inquo
267 3793 467 3862 universale
489 3805 523 3862 et
548 3806 731 3862 aeternum
751 3794 940 3862 discrimen
957 3795 1014 3864 in-

42 3903 83 3960 ter
96 3893 201 3966 bonos
217 3909 253 3966 et
269 3895 380 3966 malos
396 3893 539 3978 efficiet,
565 3919 604 3964 ac
620 3909 661 3965 ut
676 3892 828 3992 scires²)
843 3891 905 3966 bas
929 3921 1015 3967 con-

42 4017 138 4064 nones
169 4019 269 4068 veras
304 4019 395 4082 esse,
426 3995 692 4068 resuscitatione
723 4011 947 4068 mortuorum
981 4013 1016 4070 et

43 4095 105 4163 aliis
124 4099 295 4170 mirandis
324 4097 493 4191 operibus
517 4098 690 4184 ostendit,
722 4121 778 4168 eas
801 4095 869 4170 Dei
894 4103 1016 4172 decre-

42 4207 194 4270 tumesse.

123 4297 201 4373 Etsi
217 4314 335 4372 autem
358 4301 397 4370 in
421 4323 547 4390 genere
573 4295 730 4370 humano
747 4301 850 4394 pauci
874 4301 923 4371 eis
949 4305 1013 4372 ad-

43 4403 242 4490 sentiuntur,
267 4417 387 4473 tamen
403 4425 543 4494 semper
565 4403 651 4487 fuit,
674 4417 726 4474 est
750 4403 873 4474 eterit
895 4403 1012 4500 aliqua

43 4497 98 4570 Dei
116 4501 288 4590 Ecclesia,
321 4505 407 4574 alias
429 4506 556 4595 magis,
589 4505 676 4575 alias
698 4507 817 4574 minus
838 4506 1014 4600 frequens,

45 4623 114 4690 qnae
129 4607 223 4678 bema
238 4607 447 4678 adsensione
464 4607 623 4675 divinam
641 4632 763 4676 vocem
781 4607 1013 4698 amplectitur.

45 4695 121 4775 llaec
135 4710 284 4781 celebrat
304 4721 336 4779 et
357 4710 499 4778 invocat
520 4731 642 4777 verum
666 4707 801 4793 Deum,
835 4723 871 4779 et
893 4733 1013 4778 causas

45 4809 269 4880 confusionum
298 4811 504 4904 praecipuas
525 4811 669 4894 didicit,
706 4835 770 4881 nec
789 4811 1012 4883 dissimilitu-

46 4903 112 4977 dine
124 4909 282 4982 lortunoe
297 4926 478 4992 movetur,
505 4925 546 4982 ut
563 4913 606 4980 de
621 4913 845 5002 providentia
862 4914 1011 4984 dubitet.

45 4997 293 5106 Elquamquam
307 5014 443 5084 suntin
458 5007 525 5083 bac
540 5015 613 5084 vita
631 5015 816 5084 dissimilia
832 5028 1011 5106 spectacu-

47 5103 87 5188 la,
108 5116 266 5184 tamenin
281 5116 373 5186 illud
392 5130 583 5188 venturum
599 5115 770 5186 iudicium
790 5139 930 5212 semper
953 5117 1012 5187 in-

50 5254 229 5280 *t--n-a

75 5343 100 5411 l)
113 5352 148 5414 et]
164 5349 243 5407 Peec.
253 5361 319 5426 ont,
334 5372 364 5408 er
378 5351 578 5408 emendatione·

74 5425 97 5496 Ι)
112 5431 277 5496 eatstan
290 5439 373 5496 Peuc.
390 5443 536 5495 acuemus.
582 5465 584 5474 =

1068 2595 1156 2664 tium
1173 2605 1206 2662 et
1224 2593 1317 2661 bona
1330 2592 1555 2660 suadentium
1571 2613 1673 2682 saepe
1699 2604 1751 2660 est
1773 2590 1913 2662 inutilis
1935 2613 2063 2679 magna

1067 2695 1260 2766 multitudo
1278 2706 1329 2761 est
1342 2689 1530 2763 hominum
1551 2691 1822 2763 insanabilium:
1848 2706 1967 2764 tamen
1989 2717 2063 2764 non

1068 2810 1253 2888 propterea
1268 2795 1444 2863 existimes
1452 2795 1589 2864 nullam
1604 2818 1676 2864 esse
1690 2795 1963 2885 providentiam.
1991 2793 2062 2866 Sed

1068 2912 1257 2968 venturum
1274 2910 1326 2967 est
1341 2896 1533 2980 indicium,
1557 2897 1594 2963 in
1612 2921 1683 2989 quo
1705 2898 1765 2967 liet
1782 2912 1963 2968 aeternum
1988 2897 2063 2966 dis·

1068 3001 1201 3070 crimen
1217 3001 1445 3068 bonorumet
1460 2998 1645 3071 malorum.

1169 3150 1264 3223 Sunt
1281 3165 1315 3221 et
1332 3151 1587 3222 consolationes
1600 3150 1782 3234 intextae,
1794 3149 1832 3217 in
1849 3151 1978 3243 quibus
1995 3153 2064 3223 du·

1069 3267 1198 3324 cuntur
1220 3267 1426 3343 argumenta
1447 3253 1704 3338 successario,
1730 3276 1749 3321 a
1771 3252 1933 3344 possibili
1961 3267 1996 3324 et
2018 3255 2063 3324 ab

1069 3357 1163 3426 utili.
1213 3353 1305 3425 Cum
1322 3378 1462 3425 necesse
1484 3356 1530 3425 sit
1542 3353 1619 3426 Deo
1636 3353 1800 3438 obedire,
1820 3354 1927 3425 facias
1948 3356 2063 3426 officia

1068 3457 1280 3542 vocationis,
1309 3458 1513 3551 quicunque
1541 3469 1645 3526 erunt
1667 3469 1828 3525 eventus:
1863 3479 1928 3526 nec
1957 3469 2064 3530 erunt

1068 3581 1212 3651 prorsus
1234 3561 1327 3630 irriti
1349 3573 1495 3630 conatus
1506 3561 1523 3627 τ’
1548 3559 1661 3629 aderit
1683 3557 1780 3628 Deus
1803 3558 2003 3644 invocanti,
2028 3573 2063 3630 et

1068 3663 1223 3745 labores,
1252 3661 1410 3752 pericula
1432 3661 1685 3751 impedimenta
1709 3671 1822 3747 reget,
1855 3657 2063 3730 sicutPsal-

1068 3785 1146 3832 mus
1162 3763 1297 3856 inquit:
1330 3753 1557 3832 Commendo
1572 3756 1657 3832 Deo
1673 3757 1771 3830 vium
1786 3767 1908 3841 tuom,
1935 3768 1968 3828 et
1980 3783 2063 3860 spe-

1068 3861 1174 3934 ro'in
1199 3887 1296 3950 eum,
1331 3871 1362 3932 et
1388 3861 1464 3960 ipse
1477 3858 1608 3962 saciet.
1660 3860 1733 3932 Nec
1754 3883 1893 3953 semper
1915 3862 1984 3933 erit
2004 3865 2063 3932 in·

1066 3966 1151 4038 felix
1185 3960 1389 4058 eventns⁶):
1447 3964 1715 4056 respondebunt
1746 3963 1940 4056 aliquando
1975 3966 2064 4037 boni

1069 4082 1226 4142 eventus.
1300 4062 1464 4163 Sparge,
1514 4066 1652 4159 inquit,
1696 4087 1831 4162 ponem
1877 4061 1972 4137 velut
2022 4065 2063 4136 in

1067 4193 1223 4266 nquam,
1248 4166 1338 4266 puio
1355 4176 1477 4237 tumen
1494 4189 1622 4250 rursus
1637 4165 1807 4238 invenies.
1857 4165 1954 4240 Mira
1974 4171 2064 4240 ima·

1067 4295 1110 4362 go
1144 4285 1211 4342 est:
1252 4272 1352 4340 iubet
1379 4294 1541 4363 spargere
1575 4271 1762 4341 salutarem
1797 4271 1996 4342 doctrinam
2028 4283 2064 4344 ct

1059 4373 1235 4458 consilia,
1266 4396 1306 4442 ac
1329 4372 1360 4441 si
1380 4397 1508 4466 panem
1531 4373 1571 4442 in
1593 4395 1685 4466 aqua
1706 4395 1968 4468 spargercmus,
1999 4369 2062 4468 qui

1063 4543 1288 4558 Ἤ

1098 4630 1128 4698 3)
1150 4627 1224 4686 llaec
1236 4633 1315 4687 rerba
1330 4631 1439 4686 uncinis
1454 4632 1558 4712 ineius!
1577 4629 1606 4682 iu
1627 4629 1690 4686 edit.
1709 4629 1735 4692 Ξ.
1754 4641 1781 4687 et
1806 4629 1835 4687 in
1851 4631 1926 4706 Opp.
1943 4652 2001 4706 non
2021 4635 2062 4691 le-

1134 4709 1252 4768 guntur,
1270 4701 1316 4755 red
1336 4717 1387 4770 pro
1406 4701 1439 4754 iis
1459 4700 1527 4782 baec
1545 4707 1646 4782 rocetta
1661 4709 1739 4754 eunte
1771 4701 2004 4773 „Cauiis-mentor
2022 4704 2061 4776 pii

1133 4769 1328 4892 '’titttt't‘t
1343 4770 1450 4889 “fit
1453 4767 1770 4894 2:⁰1.¹2¹..⁰.t'l.'lt't·.tt
1773 4770 2061 4895 ldiil'iibma‘l

1133 4869 1241 4973 :zirsrei
1256 4873 1389 5026 peccitis,
1410 4916 1436 4958 et
1457 4923 1567 4966 cursen,
1585 4925 1650 4961 cum
1672 4909 1701 4961 in
1716 4859 1911 4962 eoniotntone'
1919 4910 2061 4979 eriguntur

1131 4974 1228 5040 ‚,lide,
1244 4973 1254 5024 i
1268 4973 1378 5055 lucescit
1393 4974 1497 5055 pectori
1510 4974 1636 5057 flemma,
1653 4988 1803 5047 agnoscunt
1816 4995 1844 5029 se
1860 4995 1890 5028 ex
1905 4977 2001 5032 inferis
2011 4997 2060 5032 re-

1131 5041 1244 5112 „reatu
1261 5052 1288 5094 et
1301 5051 1421 5096 sentiunt
1434 5043 1510 5096 initia
1528 5056 1596 5098 estse
1609 5053 1742 5098 aeternae.
1777 5043 1820 5098 De
1834 5045 1887 5099 hoc
1904 5045 2059 5101 testimonio

1131 5108 1413 5196 „loquitur'iffau'lnq
1430 5109 1574 5182 inquiens:
1591 5111 1846 5182 Spirituseonetue
1863 5117 1915 5170 dot
1927 5116 2059 5171 testimo·

1130 5197 1235 5252 „nrum
1248 5189 1357 5246 speretur
1369 5187 1498 5240 nostro.'¹

1095 5265 1123 5335 4)
1141 5267 1221 5320 buius
1234 5267 1312 5332 libre]
1324 5264 1401 5322 addit
1415 5265 1481 5321 edit.
1493 5267 1520 5325 2.
1535 5275 1562 5322 et
1576 5265 1661 5321 Peuc·

1097 5349 1125 5418 5)
1144 5350 1340 5421 otieeubnnm]
1356 5351 1454 5406 excidit
1469 5370 1484 5404 e
1498 5359 1570 5406 testu
1582 5351 1646 5408 edit.
1657 5351 1684 5410 Ω.
1696 5361 1722 5410 et
1733 5349 1819 5409 Peuc.

1057 5484 1072 5506 J
1094 5435 1123 5504 6)
1141 5442 1269 5505 euentus]
1283 5433 1348 5492 edit.
1361 5435 1389 5494 2.
1402 5445 1430 5491 et
1441 5435 1525 5494 Peue.
1538 5437 1628 5496 totu·
