4642 5808
913 1511 1184 1602 *ttae

49 1791 235 1922 Qi-

597 1797 737 1896 (inerrate
748 1825 828 1868 enno
839 1814 874 1866 ut
884 1799 1033 1886 videtur.)

600 1915 607 1924 -
623 1899 1032 1942 m

184 1948 502 2084 Bromiaeus
529 1993 890 2082 Melanthonem.

106 2155 181 2225 aa.
194 2153 351 2230 ,pamas
370 2153 400 2211 a
412 2153 475 2214 eoa.
490 2152 559 2213 mv.
576 2149 640 2210 vn.
653 2150 691 2208 u.
707 2169 735 2226 p.
751 2149 796 2210 u.

51 2297 252 2382 Consilium
282 2317 314 2382 et
339 2303 530 2382 Indicium
558 2301 657 2380 docti
687 2299 869 2402 theologi,
902 2299 1037 2376 loun.

52 2409 235 2484 Brentii
257 2407 302 2484 de
323 2407 437 2482 ldolo
462 2403 647 2484 Caesareo
661 2403 820 2481 Interim
845 2401 901 2480 ud
913 2399 959 2484 P.
973 2400 1038 2480 M.

317 2507 442 2607 (Phil.
456 2505 775 2602 fluctuationem).

54 2631 210 2720 Salutem
231 2645 273 2716 ln
293 2641 450 2724 Christo.
499 2645 587 2738 Legi
610 2645 729 2718 literas
754 2657 852 2728 tuas,
878 2665 980 2716 curas
1004 2656 1039 2716 et

55 2747 319 2832 sollicitudines,
358 2763 393 2824 et
421 2749 530 2820 laudo
566 2749 711 2843 quidem
737 2747 903 2840 pietatem
930 2759 1039 2828 tuam,

56 2873 152 2946 quam
165 2875 247 2943 erga
259 2852 410 2944 patriam
435 2863 471 2924 et
484 2847 678 2922 Ecclesiam
694 2859 845 2920 vestram
865 2849 1039 2920 declaras:

57 2953 108 3022 red
122 2977 190 3048 qua
205 2953 347 3024 ratione
364 2951 434 3024 tuis
451 2952 610 3024 consiliis
636 2947 796 3023 s'atisbcri
816 2951 943 3044 possit,
964 2973 1040 3020 non

55 3055 159 3129 rideo.
215 3053 344 3147 Speras
376 3055 534 3126 inveniri
562 3077 662 3148 posse
696 3054 851 3147 aliquem
882 3053 1042 3138 modum,

58 3181 117 3246 qun
140 3169 175 3228 et
195 3152 340 3228 Christo
363 3170 398 3228 et
424 3155 593 3228 Caesareo
619 3151 797 3228 Interitui
811 3151 846 3250 ¹)
873 3153 1040 3225 inserviri

60 3271 169 3350 queat,
192 3253 262 3328 hoc
281 3271 350 3344 est,
374 3258 414 3328 iu
438 3254 494 3328 bis
508 3259 677 3354 periculis
696 3279 862 3352 quaerere
884 3257 1044 3342 modum,

60 3383 119 3450 quo
134 3361 275 3430 duobus
299 3361 454 3431 dominis
477 3363 571 3432 iuter
596 3383 632 3432 se
653 3360 894 3452 pugnantibus
913 3358 1044 3429 servire

60 3463 170 3551 possis.
223 3459 455 3532 Manifestum
471 3475 538 3548 est,
564 3465 658 3558 quod
676 3459 805 3532 Caesar
825 3475 949 3552 urgeat
970 3484 1046 3529 nou

62 3563 277 3650 senteutiam,
292 3587 398 3657 quarn
414 3565 532 3659 quivis
546 3585 611 3656 pro
627 3587 689 3635 sua
706 3563 857 3636 libidine
871 3577 932 3634 aut
947 3561 1046 3633 iuxta

62 3685 147 3734 suam
172 3665 382 3758 opinionem
405 3691 447 3736 ex
468 3663 624 3736 interitu
653 3667 720 3736 isto
751 3687 888 3736 sumere
916 3677 1044 3758 potest,

63 3767 112 3834 sed
138 3767 433 3859 ipsamvliteram'
451 3762 559 3838 buius
586 3764 781 3855 interitus,
815 3767 954 3837 literam
987 3765 1047 3837 iu-

66 3891 157 3959 quam
176 3891 290 3964 usque
307 3871 352 3938 ad
367 3870 535 3938 minimos
552 3872 667 3962 apices
681 3870 760 3940 vult
775 3869 967 3942 observari.

149 3969 229 4041 Non
252 3967 343 4040 mihi
364 3995 461 4042 nuuc
475 3973 622 4044 obiicias
637 3973 910 4042 declarationem
933 3971 1047 4055 istam,

66 4093 142 4161 qnae
163 4073 352 4164 spargitur.
408 4071 505 4144 Fieri
528 4075 671 4168 quidem
699 4087 849 4164 postest,
882 4073 979 4168 quod
1003 4073 1047 4140 de

20 4229 21 4240 ,
67 4193 98 4240 ea
123 4173 257 4268 aliquid
277 4175 372 4246 inter
391 4169 572 4246 Electores
594 4177 639 4246 sit
658 4175 889 4262 collocutum3
918 4175 977 4244 sed
1002 4197 1047 4242 an

68 4297 99 4341 ea
113 4274 333 4346 siutCaesari
342 4277 460 4347 oblata
473 4291 508 4348 et
517 4301 537 4348 a
546 4275 694 4349 Caesare
709 4277 920 4368 approbata,
932 4271 1049 4346 haud-

69 4399 234 4470 quaquam
264 4379 370 4449 etiam
403 4379 497 4450 inter
529 4404 606 4466 eos,
638 4379 701 4473 qui
726 4379 839 4471 ipsam
870 4390 1050 4470 spargunt,

70 4491 202 4553 constat.
260 4477 492 4550 Manifestum
521 4497 574 4552 est
603 4482 730 4566 etiam,
763 4481 860 4574 quod
888 4480 1051 4565 Senatus,

71 4574 204 4652 Senatus
219 4579 386 4679 inquam,
410 4607 484 4652 non
507 4583 601 4653 enim
625 4583 755 4678 loquor
775 4585 819 4651 de
842 4581 962 4674 paucis
982 4581 1052 4674 piis

72 4677 251 4768 inseram,
276 4685 336 4753 sed
351 4685 395 4754 de
411 4685 538 4754 maiori
553 4699 668 4776 parte,
694 4707 785 4778 quae
798 4683 910 4754 vincit
924 4685 1049 4753 melio-

74 4801 152 4869 rem,
181 4785 330 4856 omniuo
362 4785 480 4878 cupiat
508 4786 684 4858 voluntati
706 4783 866 4857 Caesaris
895 4785 1053 4880 obsequi,

76 4903 112 4948 ne
129 4907 161 4954 se
183 4887 335 4978 amplius
357 4899 409 4958 tot
429 4887 594 4979 periculis
608 4901 772 4980 exponat·
821 4882 1053 4960 Manifestum

78 5007 201 5080 quoque
217 5003 286 5073 est,
312 4991 408 5083 quod
430 4986 606 5059 interitus
624 4991 755 5082 pugnat
770 5013 850 5059 cum
866 4991 974 5060 verbo
986 4991 1052 5059 do·

78 5087 163 5160 mini.
221 5088 318 5160 luter
336 5105 408 5160 tam
433 5091 626 5183 pugnantia
649 5115 739 5187 quae
765 5105 879 5184 potest
900 5092 1051 5162 inveniri

80 5191 276 5262 concordia?

83 5339 289 5362 Ἢ

114 5413 136 5476 ll
150 5415 193 5470 Sic
206 5417 324 5490 appellat
337 5419 449 5476 luterim
463 5423 661 5500 Augustarum.
751 5479 754 5488 ,

86 5499 243 5582 ilcestre.
269 5514 372 5583 Orua.
399 5515 485 5587 Voc.
512 5516 588 5589 Vll.
697 5503 700 5510 ’

1186 1783 1474 1864 succurrendum
1497 1793 1600 1876 putas
1621 1773 1789 1852 Ecclesiir
1815 1796 1849 1857 et
1877 1783 1947 1878 pits
1968 1784 2081 1856 mint.

1086 1893 1179 1970 stris.
1236 1887 1363 1976 Recte,
1395 1885 1427 1958 si
1453 1882 1491 1956 id
1517 1885 1594 1954 sine
1616 1883 1829 1956 contumelia
1845 1879 1980 1959 Christi
2001 1887 2080 1960 beri

1085 2005 1211 2090 potest.
1261 1988 1452 2062 Existimas
1473 1987 1583 2074 forte,
1615 1981 1850 2058 luterimistos
1869 1989 2081 2063 toleraturos

1087 2100 1183 2192 piam
1199 2093 1415 2176 doctrinam,
1440 2087 1471 2158 si
1487 2111 1552 2158 nos
1567 2085 1824 2186 accipiamus¹)
1839 2115 1962 2164 omnes
1983 2093 2081 2186 ipso-

1087 2225 1168 2272 rum
1190 2195 1405 2268 ceremonias
1422 2189 1613 2262 iaciendas.
1672 2187 1742 2262 Sed
1762 2213 1808 2260 an
1830 2193 1962 2282 nescis,
1999 2219 2082 2287 per..

1086 2303 1207 2395 spicue
1239 2297 1278 2368 in
1307 2291 1490 2390 prooemio
1514 2287 1692 2362 interitus
1712 2293 1892 2380 mandari,
1924 2317 1971 2366 ue
2001 2297 2083 2392 quis

1089 2406 1257 2500 loquatur
1268 2411 1331 2470 aut
1346 2397 1476 2468 scribat
1491 2397 1656 2466 adversus
1671 2387 1767 2464 huuc
1779 2393 1936 2466 librum?
1979 2395 2082 2487 Quae

952 2582 955 2590 ,
1089 2521 1142 2578 est
1164 2505 1230 2575 ista
1254 2499 1436 2572 doctrinae
1456 2497 1627 2568 libertas?
1677 2493 1797 2584 Quare
1821 2495 1852 2566 si
1866 2493 2024 2571 Ecclesia
2047 2515 2084 2573 et

1089 2607 1142 2702 pii
1163 2602 1319 2676 ministri
1343 2625 1418 2672 nou
1441 2611 1590 2690 possunt
1616 2595 1846 2670 alienatione
1869 2623 1977 2694 quam
2002 2625 2084 2672 cnm

1091 2705 1305 2782 contumelia
1323 2703 1403 2796 piae
1427 2700 1609 2772 doctrinae
1623 2699 1772 2788 servari,
1797 2703 2085 2775 commendemus

1092 2835 1151 2884 eos
1166 2803 1310 2882 Christo
1326 2803 1400 2876 filio
1414 2801 1503 2890 Dei;
1528 2795 1613 2874 buic
1628 2815 1732 2874 eruut
1745 2825 1866 2892 curae3
1892 2827 1959 2876 nos
1973 2804 2087 2878 inter-

1092 2939 1131 2986 ea
1155 2913 1310 2983 feramus
1332 2905 1509 3000 patienter
1525 2918 1688 2976 nostrum
1710 2903 1854 2976 exilium
1877 2918 1912 2977 et
1927 2920 2088 3000 expecte-
2151 2895 2156 2919 ’

1092 3037 1172 3088 mus
1186 3011 1385 3085 dominum.

1193 3113 1238 3186 ln
1251 3107 1321 3182 boc
1335 3113 1465 3182 ducatu
1480 3105 1697 3200 permittitur
1710 3107 1856 3179 seorsim
1880 3109 1940 3204 pia
1954 3109 2089 3183 doctri-

1095 3244 1160 3306 na,
1193 3213 1365 3308 Papatus,
1397 3224 1433 3282 et
1455 3211 1571 3282 cultus
1597 3208 1884 3298 luterimisticus,
1915 3214 2028 3283 donec
2051 3211 2091 3284 id

1095 3345 1159 3413 per
1172 3315 1357 3391 Caesarem
1371 3311 1523 3387 licuerit.
1570 3309 1649 3382 Hoc
1666 3312 1696 3382 si
1710 3313 1814 3383 etiam
1832 3312 1871 3382 in
1888 3313 2091 3388 civitatibus

1097 3419 1343 3516 imperialibus
1367 3414 1650 3510 permitteretur,
1684 3414 1869 3485 tolerabile
1890 3435 1993 3502 esser3
2027 3419 2090 3488 sed

1097 3539 1138 3597 ut
1156 3519 1243 3595 baec
1268 3519 1409 3614 omnia,
1434 3517 1493 3610 pia
1517 3517 1700 3602 doctrina,
1724 3529 1892 3608 papatus,
1918 3529 1953 3588 et
1973 3517 2090 3590 cultus

1098 3623 1370 3698 luterimisticus
1398 3618 1602 3688 conflantur
1631 3617 1672 3688 iu
1691 3643 1805 3688 unum
1828 3630 1863 3688 et
1884 3618 1944 3691 bet
1974 3641 2016 3688 ex
2046 3619 2093 3692 iis

1098 3753 1211 3800 einum
1232 3720 1484 3816 compositum,
1519 3719 1606 3814 quid
1630 3719 1715 3788 inde
1738 3733 1874 3810 praeter
1898 3719 2093 3794 Samarita-
2216 3767 2219 3775 ,

1098 3855 1182 3903 nam
1203 3825 1433 3920 religionem,
1466 3835 1527 3892 aut
1551 3821 1669 3912 potius
1691 3815 1935 3907 Chimaeram,
1969 3843 2093 3896 nasce-

1100 3931 1184 4006 tur?
1220 3929 1340 4020 Quare
1355 3925 1536 3995 mittamus
1551 3923 1616 3993 ista
1630 3921 1778 3993 consilia
1794 3937 1828 3994 ct
1841 3947 2015 4016 ponamus
2027 3921 2093 4022 has

1101 4057 1214 4106 curas.
1253 4031 1350 4103 Deus
1364 4025 1521 4097 tuebitur
1537 4047 1636 4094 suam
1651 4021 1863 4112 Ecclesiam,
1883 4039 1917 4096 et
1930 4051 2004 4097 non
2018 4027 2095 4099 exi·

1100 4139 1168 4228 git,
1202 4147 1244 4206 ut
1266 4131 1437 4204 faciamus
1467 4139 1501 4197 et
1529 4126 1623 4196 mala
1649 4137 1683 4196 et
1711 4125 1925 4218 periculosa,
1956 4129 2031 4216 vel,
2055 4143 2096 4202 nt

1102 4239 1162 4310 isti
1183 4238 1397 4330 loquuntur,
1427 4227 1649 4315 scandalum,
1672 4251 1744 4322 quo
1764 4229 1851 4300 bant
1870 4231 1977 4306 bona.
2027 4229 2108 4302 vi-

1102 4345 1163 4413 des
1183 4340 1257 4431 ipse
1281 4357 1386 4430 quam
1406 4330 1536 4421 frigido
1563 4331 1692 4401 affectu
1714 4329 1914 4402 desiderent
1938 4331 2097 4422 meliora,
2221 4325 2233 4344 '

1103 4443 1210 4515 etiam
1232 4436 1293 4526 bi,
1318 4456 1407 4532 quos
1431 4428 1641 4526 putamus³)
1665 4431 1838 4504 meliores.
1889 4429 1965 4504 Cur
1986 4434 2097 4526 igitur

1104 4555 1249 4640 propter
1262 4536 1327 4612 hos
1342 4535 1597 4627 susciperemus
1617 4531 1763 4603 consilia
1779 4533 2013 4608 conscientiae
2028 4544 2097 4608 no-

1105 4663 1196 4721 strae
1211 4636 1462 4737 gravissimae?
1485 4631 1576 4705 Nam
1595 4635 1657 4728 qui
1673 4657 1756 4704 vere
1772 4635 1822 4728 pii
1842 4649 1943 4724 sunt,
1956 4651 1997 4710 ut
2013 4654 2097 4711 sunt

1104 4747 1226 4845 pauci,
1257 4747 1306 4816 ita
1335 4737 1467 4810 habeut
1496 4747 1669 4823 tutorem,
1703 4737 1863 4832 quinon
1891 4740 1982 4810 sinet
2003 4741 2098 4833 ipsos
2153 4719 2166 4746 ⁰

1107 4851 1214 4944 eripi,
1245 4849 1359 4918 donec
1386 4841 1585 4910 illustretur
1605 4838 1718 4931 gloria
1741 4840 1899 4928 domini,
1930 4841 2035 4912 etiem
2059 4843 2099 4916 in

1108 4940 1496 5026 oculisbuiusmuudi.
1647 5023 1653 5030 .

1209 5043 1417 5122 Memineris
1432 5065 1560 5138 quaeso
1569 5041 1586 5128 ‚'
1593 5045 1686 5138 quod
1697 5037 1861 5116 Christus
1873 5041 1974 5114 dicit:
1991 5041 2103 5118 multi

1110 5151 1245 5234 vocati,
1274 5143 1388 5250 pauci
1417 5169 1498 5216 vero
1526 5142 1636 5217 electi.
1694 5145 1769 5234 Qui
1791 5145 1848 5214 illi
1870 5145 1974 5218 multi
1996 5151 2104 5223 sunt?

1112 5278 1483 5398 Madamprus
1500 5323 1546 5380 alii
1558 5326 1755 5393 serenianus.

1142 5413 1172 5486 i)
1191 5413 1312 5474 Bararus
1323 5411 1482 5484 adscripsitr
1502 5410 1546 5464 alii
1556 5417 1737 5480 putaremur.

1272 5505 1319 5578 19
