4642 5808
197 379 262 460 gut
285 359 447 438 sclareien
479 353 685 432 aossmbalb
711 355 775 430 der
806 351 969 444 Hindel,
999 377 1079 426 wer
1111 353 1196 426 aber

197 469 354 542 drinnen
376 463 488 536 steckt
501 463 565 532 der
582 455 738 532 liihlet’s.
787 455 924 530 Dorum
947 480 986 528 so
1007 456 1091 526 sollt
1111 478 1195 526 man

176 549 178 554 Ι
197 569 335 646 Gedsslt
348 561 476 638 haben.
501 561 570 636 Est
583 563 629 632 ist
643 583 787 634 uoserm
801 556 922 632 Hercu
936 552 1077 632 Christo
1088 554 1196 629 Gott-

195 673 259 744 lob
282 663 375 742 noch
397 662 517 738 nicbts
540 663 728 754 vergeben.
777 658 833 734 Da
857 684 893 732 es
914 662 999 732 aber
1013 653 1198 752 geschiihe,

195 767 316 847 steht's
337 763 492 842 darnach
521 766 582 838 bei
604 766 720 836 einem
741 758 917 857 jeglichen
938 785 1016 836 vvas
1041 785 1080 834 er
1104 755 1198 832 thun

197 875 289 953 will.

297 971 395 1046 llaec
425 969 586 1043 breviter
611 965 826 1062 respondere
849 963 960 1038 volui.
1017 960 1197 1038 salutabis

195 1099 275 1150 meo
291 1075 436 1147 nomine
451 1083 653 1143 reverenter
675 1069 908 1141 reverendum
925 1063 970 1146 D,
987 1063 1031 1144 D.
1048 1061 1197 1145 lanam,

195 1177 243 1252 D.
264 1177 319 1252 M.
340 1169 599 1258 Benedictum,
631 1167 686 1242 M.
717 1165 946 1252 Emeritam,
981 1181 1016 1240 et
1045 1181 1200 1238 caeteros

197 1279 476 1352 nostroslratres
490 1297 625 1348 omnes.
674 1271 772 1343 Bene
795 1271 894 1353 vale,
921 1284 978 1354 tu,
999 1269 1135 1340 familia
1161 1280 1199 1338 et

196 1395 271 1456 tota
286 1377 456 1456 Ecclesia.
507 1374 693 1450 Witteub.
719 1376 777 1450 11.
795 1369 951 1444 Ianuarii
971 1394 1065 1446 anno
1088 1365 1199 1446 1549.

249 1509 397 1586 Utinam
420 1521 501 1580 tuae
522 1504 699 1578 novitates
724 1515 839 1576 333331
858 1525 973 1573 verae.
1022 1499 1102 1573 lloc
1122 1523 1201 1570 cer·

249 1629 328 1688 tum
345 1625 417 1696 est,
434 1607 625 1682 Saronicus
639 1605 797 1678 civitates
810 1629 885 1676 non
898 1600 1029 1676 habere
1043 1625 1201 1674 conven-

250 1731 327 1794 tum
344 1713 521 1787 auseae.-

212 2097 284 2172 No.
307 2093 422 2168 4459.

207 2195 421 2234 m

527 2271 569 2360 Ι.
600 2273 867 2362 Mattdesio.

270 2439 358 2511 apsa.
374 2436 423 2495 ιιι.
437 2437 471 2494 ιι.
489 2455 518 2510 p.
531 2435 574 2492 so.
594 2431 856 2504 (3313331133.
875 2449 917 2505 ep.
929 2429 998 2504 ssa

402 2589 458 2664 D.
484 2585 700 2665 Iohanni
722 2581 987 2660 Matthesia

203 2713 253 2808 S.
272 2727 316 2802 D.
364 2717 588 2796 'Saronicus
610 2719 779 2794 Civitates
801 2723 946 2792 tandem
967 2723 1201 2793 decreverunt

205 2843 324 2923 aperte
350 2842 384 2900 et
405 2828 481 2898 siue
503 2824 755 2916 ambiguitate,
789 2845 827 2894 se
849 2847 924 2894 non
944 2823 1036 2893 velle
1056 2823 1201 2894 turbare

203 2929 400 3016 Ecclesiae,
420 2931 460 3000 in
483 2929 611 3024 quibus
635 2926 705 2996 iam
729 2939 831 2998 sonat
855 2949 924 2995 vox
939 2921 1128 3013 Evangelii
1143 2925 1201 2994 in-

206 3048 392 3126 corrupta,
417 3029 618 3124 receptione
638 3027 724 3098 libri
740 3021 965 3122 Augustani.
1015 3023 1065 3097 Et
1084 3049 1202 3096 exem-

204 3136 267 3230 plo
294 3133 495 3205 tristissimo
529 3126 766 3202 Suevicarum
796 3126 1035 3200 Ecclesiamm
1064 3127 1201 3198 moveri

207 3231 439 3306 Saxonicum
473 3245 611 3324 gentem
645 3231 818 3305 existimo.
883 3229 1140 3302 Miserabiliter
1163 3229 1202 3298 in

207 3333 337 3410 Suevis
353 3333 529 3412 Ecclesiae
546 3347 744 3418 vastantur,
768 3331 954 3424 pelluntur
976 3332 1028 3423 pii
1047 3343 1203 3423 pastores

208 3465 290 3512 cum
305 3438 387 3511 totis
407 3435 561 3508 familiis.
613 3429 831 3528 Tubiagae,
853 3433 918 3505 ubi
933 3429 1123 3504 Academia
1139 3445 1203 3518 est,

206 3541 365 3612 solitudo
392 3539 503 3612 estin
526 3533 704 3623 Ecclesia,
737 3549 876 3609 tantum
904 3535 956 3605 ibi
986 3533 1202 3605 sacrificulus

207 3663 315 3714 senex
335 3642 419 3712 facit
434 3639 671 3726 oblationem,
694 3649 735 3708 nt
750 3639 845 3708 libro
861 3629 1082 3731 Augustano
1101 3636 1204 3707 satis-

208 3745 283 3816 fiat.
332 3741 430 3814 Haec
445 3755 497 3812 est
508 3741 569 3810 1113
585 3761 690 3810 aurea
709 3753 821 3824 aetas,
841 3763 947 3832 quarn
964 3739 1203 3829 promiserunt

1020 2181 1192 2216 Μ

89 3925 94 3932 ,
209 3847 285 3916 eius
300 3845 384 3916 libri
400 3846 612 3914 laudatores.
661 3839 740 3913 Etsi
755 3855 872 3912 autem
894 3853 1120 3929 magnasunt
1142 3863 1203 3931 pe-

208 3947 337 4020 ricula:
385 3959 505 4016 tamen
524 3967 626 4036 spero
647 3939 764 4014 Deum
791 3932 929 4012 nostras
952 3939 1130 4012 Ecclesiae
1155 3941 1204 4010 ita

208 4049 486 4140 gubernaturum
504 4067 596 4130 csse,
610 4056 653 4114 ut
667 4067 742 4114 non
758 4043 818 4114 1131
833 4043 871 4112 13
886 4043 936 4112 313
950 4043 1111 4118 mutatio.
1150 4037 1204 4113 Ac

207 4147 285 4224 Deo
300 4150 443 4221 iuvante
459 4145 675 4238 corruptelas
689 4146 805 4216 nullas
818 4143 1106 4237 approbabimus.
1159 4139 1204 4212 ln

198 4265 388 4324 ¹conventu
404 4243 577 4345 Lipsico,
603 4245 667 4316 etsi
684 4245 723 4314 in
738 4247 917 4340 aliquibus
931 4241 1099 4320 iaceexeia
1115 4269 1205 4338 opus

209 4367 279 4426 est:
305 4369 423 4426 tamen
444 4347 610 4422 honestae
628 4347 820 4420 sententiae
836 4347 949 4418 dictae
962 4361 1056 4424 suot.
1106 4347 1204 4418 Bene

208 4456 305 4539 vale,
331 4453 520 4526 undecimo
536 4452 593 4522 die
609 4448 778 4527 Ianuarii.

208 4847 403 4983 Q.

1047 4849 1186 4926 11.Ian.

1030 4943 1203 4976 Μ

286 5077 292 5084 ·
324 5038 568 5148 sscologi
603 5035 985 5148 Wittedergeessea
1009 5037 1075 5124 ad

539 5148 874 5242 Boratincasca.

277 5288 357 5346 Edita
370 5288 397 5344 iu
413 5291 488 5347 sed·
505 5289 645 5363 synodicis
666 5289 712 5346 lat.
731 5309 757 5363 p.
776 5291 835 5347 303.
871 5295 938 5348 item
952 5289 981 5345 in
995 5287 1093 5344 Manlii
1105 5289 1209 5362 larrsg«

313 5377 340 5432 p.
349 5359 398 5414 116
405 5379 475 5434 sqq..
493 5360 523 5415 in
539 5359 630 5417 select.
643 5359 828 5434 Epirota-4⁶0.
841 5369 868 5416 et
879 5359 997 5434 iusspist.
1011 5359 1058 5416 lile.
1072 5359 1094 5418 1.
1105 5361 1202 5433 p.t5t.

790 175 1233 260 EPISTOLAEUM
1281 181 1481 266 utun.
1534 184 1668 268 1649.

2176 191 2251 268 800

1361 349 1404 406 ecl.
1420 349 1512 408 bonel.
1534 351 1627 412 1111.
1649 353 1776 476 epm.
1809 351 1936 430 Repetite
1955 353 2037 414 31333
2056 373 2073 410 3
2091 349 2249 414 vastati

1385 423 1419 478 31.
1437 421 1543 478 Consil.
1565 419 1641 479 latis.
1684 423 1740 506 ,ll
1760 425 1844 496 1186.
1860 451 1898 466 -
1931 423 2118 508 Appgrapltoa
2138 425 2166 480 io
2185 427 2247 486 cod.

1346 489 2249 645 131831.σῦσῦςῖἦέῒὶυιῗᾞιέῗιωξὶἒκιῗᾱεπῶδῄ

1347 645 1528 710 3333311333333Ι
1543 643 1601 682 noo
1618 629 1707 684 solum
1727 639 1871 712 spscrspno
1890 632 2109 715 epistolaelacta
2128 641 2186 700 at,
2202 633 2247 690 scd

1311 843 1316 862 ¹
1344 697 2245 836 3131133·3313133113131·“”·’···

1248 915 1296 996 V
1290 911 1474 994 enerando
1488 919 1584 1008 uiro,
1605 931 1667 998 etc.
1685 917 1836 994 domino
1864 917 2070 1023 Georgia
2091 921 2249 1000 Bucd·

1246 1017 1459 1110 inisero,
1485 1020 1678 1096 Ecclesiae
1702 1023 1742 1097 in
1766 1022 2005 1100 urbeAretaa
2027 1031 2250 1128 praeposito,

1246 1134 1278 1197 et
1297 1121 1390 1196 aliis
1400 1121 1721 1225 praedicatoribus
1736 1117 1902 1216 Christi,
1926 1126 2089 1202 dominis
2112 1139 2145 1203 et
2157 1132 2252 1232 sra-

1579 1226 1701 1300 tribus
1728 1228 1930 1328 nastris¹),

1247 1359 1298 1450 S·
1324 1376 1374 1452 D.
1426 1373 1633 1450 Venerandi
1653 1377 1732 1458 viri.
1767 1377 1868 1452 Sicut
1884 1381 1959 1472 ipse
1973 1379 2067 1452 lilius
2080 1375 2150 1452 Dei
2170 1396 2251 1454 anos

1248 1502 1397 1570 agonem
1417 1480 1551 1564 oravit,
1575 1493 1616 1552 nt
1632 1477 1791 1552 Ecclesia
1816 1483 1863 1554 sit
1884 1507 2000 1554 smum
2020 1479 2059 1552 in
2074 1479 2170 1556 Deo:
2204 1485 2250 1556 ita

1248 1581 1400 1652 maxime
1422 1603 1563 1652 oremus
1581 1581 1784 1674 ipsum,'ut
1800 1607 2011 1654 consensum
2032 1579 2162 1656 harum
2179 1581 2251 1656 Ec·

1248 1681 1432 1752 clesiarum
1446 1683 1621 1778 inquibus
1636 1697 1739 1754 sonat
1754 1709 1822 1754 vox
1832 1681 2017 1776 Evangelii
2037 1686 2253 1779 incorrupta,

1249 1798 1283 1854 et
1299 1783 1337 1852 in
1354 1784 1483 1878 quibus
1501 1808 1583 1854 vera
1604 1785 1642 1856 fit
1658 1785 1836 1883 invocatio
1851 1784 2104 1872 Dei,toeatur.
2141 1787 2251 1858 Prin·
2319 1835 2320 1840 κ

1249 1885 1345 1978 cipes
1377 1885 1483 1955 etiam
1516 1883 1718 1972 Electores,
1750 1912 1831 1960 cum
1864 1913 1936 1958 ursa
1972 1901 2105 1970 essent,
2142 1891 2250 1980 longa
2319 1887 2320 1934 3

1249 1987 1587 2057 commemoratione
1611 2011 1810 2086 exponens,
1847 1991 1964 2084 qualis
1992 1993 2039 2062 sit
2063 1991 2250 2084 dissipatio

1250 2090 1290 2158 iu
1311 2089 1391 2159 aliis
1412 2089 1634 2178 regionibus,
1666 2084 1827 2160 hortatus
1854 2105 1906 2161 est
1925 2083 2182 2180 Anisaltinus,
2205 2117 2251 2166 ns

1249 2191 1368 2262 sinant
1383 2185 1531 2260 distrahi
1547 2187 1672 2262 harum
1689 2191 1874 2282 regionum
1887 2189 2082 2282 Ecclesias,
2104 2195 2176 2264 iam
2194 2221 2253 2266 re-

1251 2305 1304 2362 cte
1321 2293 1520 2365 sentientes.
1573 2287 1705 2364 Aenos
1724 2315 1808 2362 sane
1823 2295 2021 2366 doctrinam
2039 2296 2078 2364 in
2092 2293 2253 2368 Ecclesia

1252 2406 1372 2463 nostra
1408 2407 1612 2480 sonantem,
1662 2417 1752 2490 quae
1785 2397 1930 2489 quidem
1962 2421 2043 2467 cum
2075 2393 2254 2470 Electoris

1250 2487 1490 2566 Marsicionis
1522 2495 1654 2587 scripto
1677 2497 1858 2588 congruit,
1898 2499 1995 2592 quod
2025 2512 2107 2572 ante
2136 2523 2253 2571 annos

1250 2608 1330 2666 octo
1343 2591 1510 2666 Ecclesiis
1525 2597 1597 2668 suis
1609 2597 1813 2690 proposuit,
1838 2621 1912 2670 nou
1929 2601 2160 2688 mutabimus,
2183 2627 2251 2673 nec

1250 2698 1473 2769 restituemus
1487 2697 1635 2770 vitiosos
1657 2700 1790 2788 cultus,
1817 2724 1908 2794 quos
1927 2695 2097 2774 hactenus
2112 2703 2253 2798 impro-

1249 2799 1423 2870 bavimua.

1351 2899 1459 2990 Quod
1474 2925 1557 2972 vero
1573 2901 1618 2972 de
1635 2901 1793 2972 articulis
1807 2903 1846 2971 in
1863 2897 2060 2975 luterbocd
2074 2905 2176 2977 iactis
2190 2907 2253 2976 in-

1251 3001 1453 3092 terrogatis:
1478 3003 1601 3075 scitote
1615 3027 1682 3075 nos
1704 3027 1780 3073 non
1804 3005 2003 3078 interfuisse
2026 3007 2082 3076 illi
2101 3032 2254 3080 arcanas

1251 3105 1518 3191 deliberationi,
1545 3105 1584 3174 in
1607 3129 1676 3199 qna
1700 3106 1901 3200 principum
1920 3109 2009 3180 lacta
2030 3121 2081 3179 est
2094 3113 2254 3201 auperti.

1251 3206 1338 3298 ptio.
1388 3204 1462 3276 Nec
1479 3201 1701 3304 exemplar²)
1722 3208 1867 3278 illorum
1886 3211 2118 3282 articulorum
2138 3207 2254 3282 habe-

1251 3328 1347 3378 mus:
1381 3331 1446 3378 nec
1473 3309 1754 3380 consecrationes
1783 3311 1944 3380 oleorum
1967 3324 2028 3382 aut
2049 3311 2132 3382 salis
2156 3313 2255 3385 inter

1251 3402 1444 3500 adiaphora
1466 3433 1703 3496 recensemus,
1741 3435 1781 3480 ac
1809 3435 1948 3504 semper
1970 3413 2253 3505 improbavimus

1254 3511 1332 3581 illas
1356 3511 1517 3582 oleorum
1539 3513 1820 3582 consecrationes
1843 3527 1878 3584 et
1893 3515 2045 3600 similes,
2070 3529 2107 3586 et
2129 3511 2250 3588 adbuc
2318 3573 2319 3594 .

1253 3613 1543 3705 improbabimus.
1595 3613 1636 3686 si
1651 3637 1720 3708 qua
1735 3614 1773 3682 in
1787 3615 1858 3684 illis
1871 3615 2032 3687 articulis
2045 3619 2180 3688 mentio
2195 3620 2254 3689 fa·
2318 3599 2319 3644 t

1253 3727 1307 3784 cta
1321 3727 1371 3783 est
1386 3714 1583 3800 unctionis,
1607 3715 1698 3784 illud
1716 3717 1822 3786 etiam
1838 3717 1998 3788 additum
2015 3718 2101 3804 fuit,
2116 3734 2251 3792 restare
2318 3729 2319 3812 j

1252 3815 1419 3886 articulos
1433 3840 1506 3886 non
1521 3817 1743 3888 conciliatos:
1769 3819 1958 3910 dequibus
1977 3843 2117 3892 necesse
2140 3823 2187 3893 sit
2206 3823 2253 3894 ab
2318 3845 2319 3876 ι

1252 3914 1437 4010 Episcopis
1454 3915 1705 4014 significari³),
1730 3920 1816 4009 quid
1834 3919 2064 3997 desideretur.
2198 3933 2205 3940 '
2318 3983 2319 4006 ,

1354 4017 1557 4104 Postremo,
1583 4023 1678 4112 quod
1701 4021 1941 4110 interrogatis,
1966 4023 1996 4093 si
2018 4019 2253 4115 liberAugu·
2318 4025 2319 4052 ¹

1254 4133 1375 4192 stauos
1406 4121 1509 4192 vobis
1541 4117 1648 4191 simul
1681 4145 1761 4192 cum
1791 4123 1949 4193 articulis
1980 4142 2253 4218 proponeretur,

1254 4222 1341 4316 quid
1362 4223 1407 4292 sit
1427 4223 1730 4314 respondendum:
1755 4223 1904 4316 simplex
1927 4239 1978 4296 est
1994 4228 2153 4300 veritatis
2169 4255 2253 4301 ora·

1254 4326 1318 4400 tio.
1366 4321 1610 4416 Respondete,
1644 4345 1707 4393 vos
1732 4348 1894 4395 normam
1919 4328 2119 4418 doctrinae,
2143 4355 2251 4424 quam

1256 4424 1397 4497 Elector
1419 4439 1500 4495 ante
1524 4425 1660 4519 aliquot
1680 4449 1793 4495 annos
1815 4427 1959 4517 publico
1979 4431 2110 4522 scripto
2125 4427 2252 4504 Eccle-

1255 4529 1315 4597 siis
1329 4522 1545 4598 Marcbiacis
1562 4526 1843 4614 commendavit,
1869 4529 2025 4600 fideliter
2037 4547 2251 4618 servamros,

1254 4653 1409 4702 neceam
1432 4653 1594 4698 normam
1609 4641 1808 4699 mutaturos
1826 4653 1911 4704 esse.
1962 4631 2003 4703 Si
2016 4647 2132 4705 autem
2150 4637 2252 4726 prin-

1254 4754 1334 4826 ceps
1350 4731 1400 4801 sic
1416 4730 1667 4822 interpretetur
1679 4730 1814 4801 librum
1822 4727 2071 4824 Augustanum
2086 4751 2147 4809 aut
2162 4739 2250 4808 alios

1289 4935 1317 5051 ll
1335 4977 1381 5034 Sic
1400 4975 1428 5032 in
1449 4975 1556 5032 Manlio
1574 4987 1656 5034 recte.
1692 4979 1765 5036 Aliis
1787 4985 1827 5037 ad
1846 4979 1980 5038 Pastores
1997 4987 2129 5038 ecelesiae
2145 4985 2205 5042 Dei
2218 4989 2246 5040 in

1323 5117 2029 5180 ,3.
2056 5051 2190 5112 ee
2204 5075 2245 5111 ...

1287 5202 1316 5274 1)
1333 5201 1417 5258 Pauo.
1430 5211 1456 5258 31
1468 5201 1530 5257 Pes.
1545 5204 1688 5270 exempla.

1288 5286 1424 5360 misul.
1442 5287 1477 5341 sit
1498 5289 1635 5354 misceat
1653 5289 1828 5364 signficare,
1855 5293 1930 5365 qood
1954 5291 2120 5348 mutandum
2146 5295 2246 5365 3333331,

1323 5375 1389 5415 cum
1403 5357 1486 5414 Peuc.
1498 5373 1549 5430 pro
1563 5357 1716 5428 ukaficare
1734 5358 1830 5418 babeat
1841 5361 1975 5428 13333333,
1992 5362 2083 5420 Ρ3331.
2095 5365 2221 5420 31333331.
