<?xml version="1.0" encoding="UTF-8"?>
<!DOCTYPE html PUBLIC "-//W3C//DTD XHTML 1.0 Transitional//EN"
    "http://www.w3.org/TR/xhtml1/DTD/xhtml1-transitional.dtd">
<html xmlns="http://www.w3.org/1999/xhtml" xml:lang="en" lang="en">
 <head>
  <title>
</title>
<meta http-equiv="Content-Type" content="text/html;charset=utf-8" />
  <meta name='ocr-system' content='tesseract 3.04.00' />
  <meta name='ocr-capabilities' content='ocr_page ocr_carea ocr_par ocr_line ocrx_word'/>
</head>
<body>
  <div class='ocr_page' id='page_1' title='image "./corpusreformato20melagoog/corpusreformato20melagoog_0215.png"; bbox 0 0 4616 5812; ppageno 0'>
   <div class='ocr_carea' id='block_1_1' title="bbox 228 237 2251 326">
    <p class='ocr_par' dir='ltr' id='par_1_1' title="bbox 228 237 2251 326">
     <span class='ocr_line' id='line_1_1' title="bbox 228 237 2251 326; baseline 0.003 -6"><span class='ocrx_word' id='word_1_1' title='bbox 228 245 305 320; x_wconf 72' lang='lat'><strong>⁸⁷⁶</strong></span> <span class='ocrx_word' id='word_1_2' title='bbox 811 237 1266 322; x_wconf 70' lang='lat' dir='ltr'><strong>EPlSTOLAllUM&#39;</strong></span> <span class='ocrx_word' id='word_1_3' title='bbox 1299 239 1408 320; x_wconf 78' lang='lat' dir='ltr'><strong>nis.</strong></span> <span class='ocrx_word' id='word_1_4' title='bbox 1435 239 1504 321; x_wconf 74' lang='grc' dir='ltr'><strong>Χῖ.</strong></span> <span class='ocrx_word' id='word_1_5' title='bbox 1557 239 1691 319; x_wconf 71' lang='lat' dir='ltr'><strong>lm.</strong></span> <span class='ocrx_word' id='word_1_6' title='bbox 2185 249 2251 326; x_wconf 76' lang='lat' dir='ltr'><strong>dli</strong></span> 
     </span>
    </p>
   </div>
   <div class='ocr_carea' id='block_1_2' title="bbox 154 409 2252 1728">
    <p class='ocr_par' dir='ltr' id='par_1_2' title="bbox 154 409 2252 1728">
     <span class='ocr_line' id='line_1_2' title="bbox 228 409 2252 512; baseline 0.004 -28"><span class='ocrx_word' id='word_1_7' title='bbox 228 439 299 512; x_wconf 88' lang='lat' dir='ltr'><strong>que</strong></span> <span class='ocrx_word' id='word_1_8' title='bbox 311 410 406 484; x_wconf 86' lang='lat' dir='ltr'><strong>nihil</strong></span> <span class='ocrx_word' id='word_1_9' title='bbox 426 414 542 500; x_wconf 85' lang='lat' dir='ltr'><strong>aliud,</strong></span> <span class='ocrx_word' id='word_1_10' title='bbox 568 409 911 506; x_wconf 83' lang='lat' dir='ltr'><strong>qoam&#39;eorruptelae</strong></span> <span class='ocrx_word' id='word_1_11' title='bbox 923 416 1058 488; x_wconf 83' lang='lat' dir='ltr'><strong>semina</strong></span> <span class='ocrx_word' id='word_1_12' title='bbox 1076 429 1112 490; x_wconf 85' lang='lat' dir='ltr'><strong>et</strong></span> <span class='ocrx_word' id='word_1_13' title='bbox 1124 411 1225 488; x_wconf 69' lang='lat' dir='ltr'><strong>nerii</strong></span> <span class='ocrx_word' id='word_1_14' title='bbox 1271 413 1439 499; x_wconf 79' lang='lat' dir='ltr'><strong>sisimile,</strong></span> <span class='ocrx_word' id='word_1_15' title='bbox 1463 410 1605 508; x_wconf 80' lang='lat' dir='ltr'><strong>quod³)</strong></span> <span class='ocrx_word' id='word_1_16' title='bbox 1620 412 1875 486; x_wconf 83' lang='lat' dir='ltr'><strong>destmetlouis&#39;</strong></span> <span class='ocrx_word' id='word_1_17' title='bbox 1889 413 1942 486; x_wconf 85' lang='lat' dir='ltr'><strong>slt</strong></span> <span class='ocrx_word' id='word_1_18' title='bbox 1962 437 2037 486; x_wconf 77' lang='lat' dir='ltr'><strong>non</strong></span> <span class='ocrx_word' id='word_1_19' title='bbox 2054 415 2252 492; x_wconf 66' lang='lat' dir='ltr'><strong>ambesis·</strong></span> 
     </span>
     <span class='ocr_line' id='line_1_3' title="bbox 228 513 2250 613; baseline 0.001 -23"><span class='ocrx_word' id='word_1_20' title='bbox 228 517 424 610; x_wconf 81' lang='lat' dir='ltr'><strong>Papistieae</strong></span> <span class='ocrx_word' id='word_1_21' title='bbox 456 516 735 608; x_wconf 70' lang='lat' dir='ltr'><strong>superstitionis,</strong></span> <span class='ocrx_word' id='word_1_22' title='bbox 768 531 801 586; x_wconf 87' lang='lat' dir='ltr'><strong>et</strong></span> <span class='ocrx_word' id='word_1_23' title='bbox 835 518 1012 602; x_wconf 89' lang='lat' dir='ltr'><strong>cuniculi,</strong></span> <span class='ocrx_word' id='word_1_24' title='bbox 1045 543 1109 610; x_wconf 88' lang='lat' dir='ltr'><strong>per</strong></span> <span class='ocrx_word' id='word_1_25' title='bbox 1137 543 1226 613; x_wconf 84' lang='lat' dir='ltr'><strong>quos</strong></span> <span class='ocrx_word' id='word_1_26' title='bbox 1271 515 1379 586; x_wconf 85' lang='lat' dir='ltr'><strong>nisin</strong></span> <span class='ocrx_word' id='word_1_27' title='bbox 1395 513 1565 591; x_wconf 76' lang='lat' dir='ltr'><strong>Ecclesia.</strong></span> <span class='ocrx_word' id='word_1_28' title='bbox 1616 515 1724 606; x_wconf 86' lang='lat' dir='ltr'><strong>Quod</strong></span> <span class='ocrx_word' id='word_1_29' title='bbox 1742 539 1827 586; x_wconf 86' lang='lat' dir='ltr'><strong>vero</strong></span> <span class='ocrx_word' id='word_1_30' title='bbox 1843 516 1989 609; x_wconf 82' lang='lat' dir='ltr'><strong>quidem</strong></span> <span class='ocrx_word' id='word_1_31' title='bbox 2008 516 2181 610; x_wconf 80' lang='lat' dir='ltr'><strong>ineptiunt</strong></span> <span class='ocrx_word' id='word_1_32' title='bbox 2193 525 2250 592; x_wconf 80' lang='lat' dir='ltr'><strong>do·</strong></span> 
     </span>
     <span class='ocr_line' id='line_1_4' title="bbox 228 615 2251 711; baseline -0 -19"><span class='ocrx_word' id='word_1_33' title='bbox 228 619 419 692; x_wconf 75' lang='lat' dir='ltr'><strong>adversarii</strong></span> <span class='ocrx_word' id='word_1_34' title='bbox 444 619 483 688; x_wconf 92' lang='lat' dir='ltr'><strong>iu</strong></span> <span class='ocrx_word' id='word_1_35' title='bbox 507 633 645 688; x_wconf 87' lang='lat' dir='ltr'><strong>nostras</strong></span> <span class='ocrx_word' id='word_1_36' title='bbox 666 615 842 687; x_wconf 85' lang='lat' dir='ltr'><strong>Ecclesias</strong></span> <span class='ocrx_word' id='word_1_37' title='bbox 864 619 1012 711; x_wconf 81' lang='lat' dir='ltr'><strong>irripere</strong></span> <span class='ocrx_word' id='word_1_38' title='bbox 1042 636 1226 706; x_wconf 86' lang='lat' dir='ltr'><strong>conantur,</strong></span> <span class='ocrx_word' id='word_1_39' title='bbox 1271 619 1422 688; x_wconf 91' lang='lat' dir='ltr'><strong>ctrinain</strong></span> <span class='ocrx_word' id='word_1_40' title='bbox 1439 619 1484 688; x_wconf 92' lang='lat' dir='ltr'><strong>de</strong></span> <span class='ocrx_word' id='word_1_41' title='bbox 1499 617 1634 690; x_wconf 87' lang='lat' dir='ltr'><strong>vitiosis</strong></span> <span class='ocrx_word' id='word_1_42' title='bbox 1653 617 1864 690; x_wconf 80' lang='lat' dir='ltr'><strong>ceremoniis</strong></span> <span class='ocrx_word' id='word_1_43' title='bbox 1877 617 2026 688; x_wconf 87' lang='lat' dir='ltr'><strong>liberam</strong></span> <span class='ocrx_word' id='word_1_44' title='bbox 2041 623 2251 706; x_wconf 84' lang='lat' dir='ltr'><strong>eesedebere,</strong></span> 
     </span>
     <span class='ocr_line' id='line_1_5' title="bbox 227 714 2250 816; baseline 0.003 -24"><span class='ocrx_word' id='word_1_45' title='bbox 227 737 268 794; x_wconf 93' lang='lat' dir='ltr'><strong>ut</strong></span> <span class='ocrx_word' id='word_1_46' title='bbox 283 744 340 790; x_wconf 86' lang='lat' dir='ltr'><strong>eas</strong></span> <span class='ocrx_word' id='word_1_47' title='bbox 358 745 379 790; x_wconf 87' lang='lat' dir='ltr'><strong>a</strong></span> <span class='ocrx_word' id='word_1_48' title='bbox 400 721 633 792; x_wconf 79' lang='lat' dir='ltr'><strong>fundamento</strong></span> <span class='ocrx_word' id='word_1_49' title='bbox 649 731 826 804; x_wconf 86' lang='lat' dir='ltr'><strong>evertant,</strong></span> <span class='ocrx_word' id='word_1_50' title='bbox 849 733 1033 816; x_wconf 89' lang='lat' dir='ltr'><strong>totumque</strong></span> <span class='ocrx_word' id='word_1_51' title='bbox 1049 721 1221 814; x_wconf 85' lang='lat' dir='ltr'><strong>Papatum</strong></span> <span class='ocrx_word' id='word_1_52' title='bbox 1271 743 1398 814; x_wconf 86' lang='lat' dir='ltr'><strong>easque</strong></span> <span class='ocrx_word' id='word_1_53' title='bbox 1423 721 1535 791; x_wconf 87' lang='lat' dir='ltr'><strong>libere</strong></span> <span class='ocrx_word' id='word_1_54' title='bbox 1569 722 1699 791; x_wconf 90' lang='lat' dir='ltr'><strong>debere</strong></span> <span class='ocrx_word' id='word_1_55' title='bbox 1729 714 1961 810; x_wconf 83' lang='lat' dir='ltr'><strong>reprehendi,</strong></span> <span class='ocrx_word' id='word_1_56' title='bbox 1987 720 2174 794; x_wconf 88' lang='lat' dir='ltr'><strong>ridiculum</strong></span> <span class='ocrx_word' id='word_1_57' title='bbox 2198 741 2250 798; x_wconf 86' lang='lat' dir='ltr'><strong>est.</strong></span> 
     </span>
     <span class='ocr_line' id='line_1_6' title="bbox 227 820 2250 918; baseline 0 -24"><span class='ocrx_word' id='word_1_58' title='bbox 227 823 434 906; x_wconf 84' lang='lat' dir='ltr'><strong>restituant,</strong></span> <span class='ocrx_word' id='word_1_59' title='bbox 467 835 503 892; x_wconf 94' lang='lat' dir='ltr'><strong>et</strong></span> <span class='ocrx_word' id='word_1_60' title='bbox 524 821 560 890; x_wconf 94' lang='lat' dir='ltr'><strong>id</strong></span> <span class='ocrx_word' id='word_1_61' title='bbox 585 821 729 914; x_wconf 91' lang='lat' dir='ltr'><strong>quidem</strong></span> <span class='ocrx_word' id='word_1_62' title='bbox 754 845 816 912; x_wconf 91' lang='lat' dir='ltr'><strong>per</strong></span> <span class='ocrx_word' id='word_1_63' title='bbox 837 839 975 896; x_wconf 90' lang='lat' dir='ltr'><strong>nosmet</strong></span> <span class='ocrx_word' id='word_1_64' title='bbox 996 825 1092 918; x_wconf 86' lang='lat' dir='ltr'><strong>ipsos</strong></span> <span class='ocrx_word' id='word_1_65' title='bbox 1113 839 1146 895; x_wconf 92' lang='lat' dir='ltr'><strong>et</strong></span> <span class='ocrx_word' id='word_1_66' title='bbox 1163 851 1226 918; x_wconf 92' lang='lat' dir='ltr'><strong>per</strong></span> <span class='ocrx_word' id='word_1_67' title='bbox 1273 820 1348 910; x_wconf 86' lang='lat' dir='ltr'><strong>Qui</strong></span> <span class='ocrx_word' id='word_1_68' title='bbox 1369 823 1465 892; x_wconf 92' lang='lat' dir='ltr'><strong>enim</strong></span> <span class='ocrx_word' id='word_1_69' title='bbox 1485 835 1599 913; x_wconf 91' lang='lat' dir='ltr'><strong>potest</strong></span> <span class='ocrx_word' id='word_1_70' title='bbox 1615 823 1694 915; x_wconf 88' lang='lat' dir='ltr'><strong>pius</strong></span> <span class='ocrx_word' id='word_1_71' title='bbox 1710 835 1831 914; x_wconf 87' lang='lat' dir='ltr'><strong>pastor</strong></span> <span class='ocrx_word' id='word_1_72' title='bbox 1845 820 2111 908; x_wconf 86' lang='lat' dir='ltr'><strong>administrare,</strong></span> <span class='ocrx_word' id='word_1_73' title='bbox 2135 826 2250 918; x_wconf 90' lang='lat' dir='ltr'><strong>dequo</strong></span> 
     </span>
     <span class='ocr_line' id='line_1_7' title="bbox 226 917 2251 1020; baseline 0 -24"><span class='ocrx_word' id='word_1_74' title='bbox 226 925 390 996; x_wconf 84' lang='lat' dir='ltr'><strong>fictorum</strong></span> <span class='ocrx_word' id='word_1_75' title='bbox 412 917 704 1012; x_wconf 77' lang='lat' dir='ltr'><strong>Adiapbororum</strong></span> <span class='ocrx_word' id='word_1_76' title='bbox 727 926 983 1016; x_wconf 76' lang='lat' dir='ltr'><strong>receptionem,</strong></span> <span class='ocrx_word' id='word_1_77' title='bbox 1020 929 1116 1020; x_wconf 91' lang='lat' dir='ltr'><strong>quod</strong></span> <span class='ocrx_word' id='word_1_78' title='bbox 1139 923 1225 998; x_wconf 81' lang='lat' dir='ltr'><strong>ba‘ec</strong></span> <span class='ocrx_word' id='word_1_79' title='bbox 1271 947 1352 994; x_wconf 90' lang='lat' dir='ltr'><strong>eum</strong></span> <span class='ocrx_word' id='word_1_80' title='bbox 1375 919 1605 1016; x_wconf 82' lang='lat' dir='ltr'><strong>reprehendit</strong></span> <span class='ocrx_word' id='word_1_81' title='bbox 1625 923 1856 1008; x_wconf 78' lang='lat' dir='ltr'><strong>conscientia,</strong></span> <span class='ocrx_word' id='word_1_82' title='bbox 1886 937 2124 1020; x_wconf 84' lang='lat' dir='ltr'><strong>perpetuoque</strong></span> <span class='ocrx_word' id='word_1_83' title='bbox 2145 929 2251 997; x_wconf 87' lang='lat' dir='ltr'><strong>obser-</strong></span> 
     </span>
     <span class='ocr_line' id='line_1_8' title="bbox 227 1021 2252 1121; baseline 0 -25"><span class='ocrx_word' id='word_1_84' title='bbox 227 1023 283 1096; x_wconf 80' lang='lat' dir='ltr'><strong>via</strong></span> <span class='ocrx_word' id='word_1_85' title='bbox 307 1025 447 1096; x_wconf 82' lang='lat' dir='ltr'><strong>facilior</strong></span> <span class='ocrx_word' id='word_1_86' title='bbox 468 1038 504 1094; x_wconf 93' lang='lat' dir='ltr'><strong>et</strong></span> <span class='ocrx_word' id='word_1_87' title='bbox 527 1025 724 1116; x_wconf 85' lang='lat' dir='ltr'><strong>expeditior</strong></span> <span class='ocrx_word' id='word_1_88' title='bbox 747 1049 820 1094; x_wconf 91' lang='lat' dir='ltr'><strong>esse</strong></span> <span class='ocrx_word' id='word_1_89' title='bbox 836 1027 999 1098; x_wconf 88' lang='lat' dir='ltr'><strong>videatur</strong></span> <span class='ocrx_word' id='word_1_90' title='bbox 1021 1031 1065 1098; x_wconf 92' lang='lat' dir='ltr'><strong>ad</strong></span> <span class='ocrx_word' id='word_1_91' title='bbox 1079 1053 1225 1121; x_wconf 89' lang='lat' dir='ltr'><strong>recupe-</strong></span> <span class='ocrx_word' id='word_1_92' title='bbox 1270 1049 1372 1107; x_wconf 80' lang='lat' dir='ltr'><strong>rare,</strong></span> <span class='ocrx_word' id='word_1_93' title='bbox 1398 1029 1494 1120; x_wconf 92' lang='lat' dir='ltr'><strong>quod</strong></span> <span class='ocrx_word' id='word_1_94' title='bbox 1519 1049 1638 1096; x_wconf 87' lang='lat' dir='ltr'><strong>coram</strong></span> <span class='ocrx_word' id='word_1_95' title='bbox 1660 1039 1734 1097; x_wconf 89' lang='lat' dir='ltr'><strong>tote</strong></span> <span class='ocrx_word' id='word_1_96' title='bbox 1756 1021 1913 1096; x_wconf 77' lang='lat' dir='ltr'><strong>Ecclesia</strong></span> <span class='ocrx_word' id='word_1_97' title='bbox 1938 1025 2098 1118; x_wconf 87' lang='lat' dir='ltr'><strong>quotidie</strong></span> <span class='ocrx_word' id='word_1_98' title='bbox 2119 1027 2252 1118; x_wconf 83' lang='lat' dir='ltr'><strong>ipsemet</strong></span> 
     </span>
     <span class='ocr_line' id='line_1_9' title="bbox 154 1122 2252 1222; baseline 0 -25"><span class='ocrx_word' id='word_1_99' title='bbox 154 1145 160 1156; x_wconf 88' lang='grc'><strong>’</strong></span> <span class='ocrx_word' id='word_1_100' title='bbox 225 1129 374 1198; x_wconf 83' lang='lat' dir='ltr'><strong>rendam</strong></span> <span class='ocrx_word' id='word_1_101' title='bbox 394 1140 430 1196; x_wconf 93' lang='lat' dir='ltr'><strong>et</strong></span> <span class='ocrx_word' id='word_1_102' title='bbox 453 1128 694 1217; x_wconf 77' lang='lat' dir='ltr'><strong>occupandam</strong></span> <span class='ocrx_word' id='word_1_103' title='bbox 716 1151 831 1196; x_wconf 91' lang='lat' dir='ltr'><strong>arcem</strong></span> <span class='ocrx_word' id='word_1_104' title='bbox 848 1125 1041 1220; x_wconf 87' lang='lat' dir='ltr'><strong>Papisticae</strong></span> <span class='ocrx_word' id='word_1_105' title='bbox 1063 1131 1225 1222; x_wconf 90' lang='lat' dir='ltr'><strong>impieta-</strong></span> <span class='ocrx_word' id='word_1_106' title='bbox 1270 1127 1474 1218; x_wconf 80' lang='lat' dir='ltr'><strong>redarguit?</strong></span> <span class='ocrx_word' id='word_1_107' title='bbox 1525 1127 1618 1216; x_wconf 88' lang='lat' dir='ltr'><strong>Quis</strong></span> <span class='ocrx_word' id='word_1_108' title='bbox 1632 1122 1776 1198; x_wconf 87' lang='lat' dir='ltr'><strong>habebit</strong></span> <span class='ocrx_word' id='word_1_109' title='bbox 1793 1126 1977 1198; x_wconf 85' lang='lat' dir='ltr'><strong>doctrinae</strong></span> <span class='ocrx_word' id='word_1_110' title='bbox 1990 1126 2134 1198; x_wconf 82' lang='lat' dir='ltr'><strong>illorum</strong></span> <span class='ocrx_word' id='word_1_111' title='bbox 2149 1130 2252 1212; x_wconf 83' lang='lat' dir='ltr'><strong>fidem,</strong></span> 
     </span>
     <span class='ocr_line' id='line_1_10' title="bbox 225 1223 2251 1325; baseline 0 -26"><span class='ocrx_word' id='word_1_112' title='bbox 225 1228 282 1299; x_wconf 88' lang='lat' dir='ltr'><strong>tis.</strong></span> <span class='ocrx_word' id='word_1_113' title='bbox 322 1225 421 1298; x_wconf 86' lang='lat' dir='ltr'><strong>llaec</strong></span> <span class='ocrx_word' id='word_1_114' title='bbox 435 1227 645 1300; x_wconf 87' lang='lat' dir='ltr'><strong>ioculanaet</strong></span> <span class='ocrx_word' id='word_1_115' title='bbox 660 1229 807 1300; x_wconf 84' lang='lat' dir='ltr'><strong>conficta</strong></span> <span class='ocrx_word' id='word_1_116' title='bbox 822 1227 1030 1324; x_wconf 86' lang='lat' dir='ltr'><strong>Adiaphora</strong></span> <span class='ocrx_word' id='word_1_117' title='bbox 1048 1233 1225 1325; x_wconf 84' lang='lat' dir='ltr'><strong>quiafide,</strong></span> <span class='ocrx_word' id='word_1_118' title='bbox 1271 1253 1361 1322; x_wconf 89' lang='lat' dir='ltr'><strong>quae</strong></span> <span class='ocrx_word' id='word_1_119' title='bbox 1386 1253 1405 1298; x_wconf 92' lang='lat' dir='ltr'><strong>a</strong></span> <span class='ocrx_word' id='word_1_120' title='bbox 1429 1253 1465 1299; x_wconf 88' lang='lat' dir='ltr'><strong>se</strong></span> <span class='ocrx_word' id='word_1_121' title='bbox 1481 1223 1714 1322; x_wconf 87' lang='lat' dir='ltr'><strong>reprehensa,</strong></span> <span class='ocrx_word' id='word_1_122' title='bbox 1746 1229 1912 1298; x_wconf 77' lang='lat' dir='ltr'><strong>danimta</strong></span> <span class='ocrx_word' id='word_1_123' title='bbox 1935 1241 1970 1297; x_wconf 91' lang='lat' dir='ltr'><strong>et</strong></span> <span class='ocrx_word' id='word_1_124' title='bbox 1992 1229 2120 1300; x_wconf 88' lang='lat' dir='ltr'><strong>reiecta</strong></span> <span class='ocrx_word' id='word_1_125' title='bbox 2143 1253 2251 1302; x_wconf 88' lang='lat' dir='ltr'><strong>rursus</strong></span> 
     </span>
     <span class='ocr_line' id='line_1_11' title="bbox 224 1327 2250 1426; baseline 0 -26"><span class='ocrx_word' id='word_1_126' title='bbox 224 1351 317 1422; x_wconf 87' lang='lat' dir='ltr'><strong>quae</strong></span> <span class='ocrx_word' id='word_1_127' title='bbox 337 1328 469 1400; x_wconf 90' lang='lat' dir='ltr'><strong>nititur</strong></span> <span class='ocrx_word' id='word_1_128' title='bbox 498 1329 574 1399; x_wconf 94' lang='lat' dir='ltr'><strong>solo</strong></span> <span class='ocrx_word' id='word_1_129' title='bbox 598 1330 708 1400; x_wconf 89' lang='lat' dir='ltr'><strong>verbo</strong></span> <span class='ocrx_word' id='word_1_130' title='bbox 730 1327 798 1400; x_wconf 88' lang='lat' dir='ltr'><strong>Dei</strong></span> <span class='ocrx_word' id='word_1_131' title='bbox 822 1333 980 1414; x_wconf 88' lang='lat' dir='ltr'><strong>restitui,</strong></span> <span class='ocrx_word' id='word_1_132' title='bbox 1012 1335 1157 1404; x_wconf 83' lang='lat' dir='ltr'><strong>defendi</strong></span> <span class='ocrx_word' id='word_1_133' title='bbox 1190 1349 1225 1406; x_wconf 91' lang='lat' dir='ltr'><strong>et</strong></span> <span class='ocrx_word' id='word_1_134' title='bbox 1269 1327 1550 1426; x_wconf 79' lang='lat' dir='ltr'><strong>instauratur⁴)‚</strong></span> <span class='ocrx_word' id='word_1_135' title='bbox 1576 1345 1611 1414; x_wconf 84' lang='lat' dir='ltr'><strong>et</strong></span> <span class='ocrx_word' id='word_1_136' title='bbox 1629 1343 1753 1402; x_wconf 92' lang='lat' dir='ltr'><strong>contra</strong></span> <span class='ocrx_word' id='word_1_137' title='bbox 1768 1341 1878 1400; x_wconf 83' lang='lat' dir='ltr'><strong>semet</strong></span> <span class='ocrx_word' id='word_1_138' title='bbox 1899 1329 1996 1422; x_wconf 83' lang='lat' dir='ltr'><strong>ipsos</strong></span> <span class='ocrx_word' id='word_1_139' title='bbox 2009 1353 2074 1402; x_wconf 89' lang='lat' dir='ltr'><strong>ceu</strong></span> <span class='ocrx_word' id='word_1_140' title='bbox 2090 1331 2250 1422; x_wconf 88' lang='lat' dir='ltr'><strong>impoeni-</strong></span> 
     </span>
     <span class='ocr_line' id='line_1_12' title="bbox 224 1429 2249 1528; baseline 0.001 -28"><span class='ocrx_word' id='word_1_141' title='bbox 224 1431 427 1502; x_wconf 87' lang='lat' dir='ltr'><strong>conservari</strong></span> <span class='ocrx_word' id='word_1_142' title='bbox 441 1445 632 1524; x_wconf 90' lang='lat' dir='ltr'><strong>nequeunt.</strong></span> <span class='ocrx_word' id='word_1_143' title='bbox 685 1429 792 1517; x_wconf 84' lang='lat' dir='ltr'><strong>Item,</strong></span> <span class='ocrx_word' id='word_1_144' title='bbox 819 1433 902 1526; x_wconf 92' lang='lat' dir='ltr'><strong>quia</strong></span> <span class='ocrx_word' id='word_1_145' title='bbox 916 1449 1000 1506; x_wconf 90' lang='lat' dir='ltr'><strong>suiit</strong></span> <span class='ocrx_word' id='word_1_146' title='bbox 1011 1438 1139 1508; x_wconf 83' lang='lat' dir='ltr'><strong>veteris</strong></span> <span class='ocrx_word' id='word_1_147' title='bbox 1155 1437 1225 1506; x_wconf 89' lang='lat' dir='ltr'><strong>im·</strong></span> <span class='ocrx_word' id='word_1_148' title='bbox 1268 1447 1380 1504; x_wconf 86' lang='lat' dir='ltr'><strong>tentcs</strong></span> <span class='ocrx_word' id='word_1_149' title='bbox 1404 1433 1563 1528; x_wconf 90' lang='lat' dir='ltr'><strong>quotidie</strong></span> <span class='ocrx_word' id='word_1_150' title='bbox 1591 1445 1767 1522; x_wconf 79' lang='lat' dir='ltr'><strong>coguntur</strong></span> <span class='ocrx_word' id='word_1_151' title='bbox 1786 1431 2015 1502; x_wconf 78' lang='lat' dir='ltr'><strong>concionari?</strong></span> <span class='ocrx_word' id='word_1_152' title='bbox 2072 1430 2249 1520; x_wconf 87' lang='lat' dir='ltr'><strong>Quomodo</strong></span> 
     </span>
     <span class='ocr_line' id='line_1_13' title="bbox 224 1529 2250 1626; baseline 0.001 -26"><span class='ocrx_word' id='word_1_153' title='bbox 224 1531 365 1624; x_wconf 85' lang='lat' dir='ltr'><strong>pietatis</strong></span> <span class='ocrx_word' id='word_1_154' title='bbox 382 1532 484 1602; x_wconf 91' lang='lat' dir='ltr'><strong>nervi</strong></span> <span class='ocrx_word' id='word_1_155' title='bbox 500 1545 685 1626; x_wconf 87' lang='lat' dir='ltr'><strong>totumque</strong></span> <span class='ocrx_word' id='word_1_156' title='bbox 700 1531 871 1625; x_wconf 90' lang='lat' dir='ltr'><strong>Papatum</strong></span> <span class='ocrx_word' id='word_1_157' title='bbox 887 1529 1004 1606; x_wconf 85' lang='lat' dir='ltr'><strong>secum</strong></span> <span class='ocrx_word' id='word_1_158' title='bbox 1018 1531 1176 1610; x_wconf 88' lang='lat' dir='ltr'><strong>trahunt.</strong></span> <span class='ocrx_word' id='word_1_159' title='bbox 1267 1535 1320 1604; x_wconf 91' lang='lat' dir='ltr'><strong>ibi</strong></span> <span class='ocrx_word' id='word_1_160' title='bbox 1344 1535 1504 1606; x_wconf 85' lang='lat' dir='ltr'><strong>consistit</strong></span> <span class='ocrx_word' id='word_1_161' title='bbox 1524 1534 1713 1604; x_wconf 87' lang='lat' dir='ltr'><strong>concordia</strong></span> <span class='ocrx_word' id='word_1_162' title='bbox 1734 1546 1770 1604; x_wconf 91' lang='lat' dir='ltr'><strong>et</strong></span> <span class='ocrx_word' id='word_1_163' title='bbox 1785 1531 2043 1626; x_wconf 80' lang='lat' dir='ltr'><strong>tranquillitas,</strong></span> <span class='ocrx_word' id='word_1_164' title='bbox 2068 1535 2131 1604; x_wconf 91' lang='lat' dir='ltr'><strong>ubi</strong></span> <span class='ocrx_word' id='word_1_165' title='bbox 2147 1549 2250 1626; x_wconf 87' lang='lat' dir='ltr'><strong>pasto-</strong></span> 
     </span>
     <span class='ocr_line' id='line_1_14' title="bbox 1267 1630 2247 1728; baseline 0 -24"><span class='ocrx_word' id='word_1_166' title='bbox 1267 1658 1323 1706; x_wconf 91' lang='lat' dir='ltr'><strong>res</strong></span> <span class='ocrx_word' id='word_1_167' title='bbox 1345 1633 1523 1706; x_wconf 80' lang='lat' dir='ltr'><strong>Ecclesiae</strong></span> <span class='ocrx_word' id='word_1_168' title='bbox 1542 1637 1684 1728; x_wconf 91' lang='lat' dir='ltr'><strong>publice</strong></span> <span class='ocrx_word' id='word_1_169' title='bbox 1708 1630 2036 1724; x_wconf 88' lang='lat' dir='ltr'><strong>reprehenduntur,</strong></span> <span class='ocrx_word' id='word_1_170' title='bbox 2070 1657 2110 1704; x_wconf 84' lang='lat' dir='ltr'><strong>ac</strong></span> <span class='ocrx_word' id='word_1_171' title='bbox 2130 1651 2247 1716; x_wconf 80' lang='lat' dir='ltr'><strong>terant,</strong></span> 
     </span>
    </p>
   </div>
   <div class='ocr_carea' id='block_1_3' title="bbox 338 1677 2248 1830">
    <p class='ocr_par' dir='ltr' id='par_1_3' title="bbox 338 1677 2248 1830">
     <span class='ocr_line' id='line_1_15' title="bbox 338 1677 2248 1830; baseline 0.021 -78"><span class='ocrx_word' id='word_1_172' title='bbox 338 1679 422 1752; x_wconf 89' lang='lat' dir='ltr'><strong>ldeo</strong></span> <span class='ocrx_word' id='word_1_173' title='bbox 439 1682 493 1750; x_wconf 93' lang='lat' dir='ltr'><strong>illi</strong></span> <span class='ocrx_word' id='word_1_174' title='bbox 508 1677 747 1752; x_wconf 89' lang='lat' dir='ltr'><strong>Ecclesiarum</strong></span> <span class='ocrx_word' id='word_1_175' title='bbox 769 1697 927 1776; x_wconf 91' lang='lat' dir='ltr'><strong>pastores</strong></span> <span class='ocrx_word' id='word_1_176' title='bbox 950 1687 1023 1758; x_wconf 86' lang='lat' dir='ltr'><strong>suis</strong></span> <span class='ocrx_word' id='word_1_177' title='bbox 1041 1689 1223 1758; x_wconf 89' lang='lat' dir='ltr'><strong>conscien-</strong></span> <span class='ocrx_word' id='word_1_178' title='bbox 1267 1761 1356 1830; x_wconf 54' lang='grc' dir='ltr'><strong>ΨΜ</strong></span> <span class='ocrx_word' id='word_1_179' title='bbox 1372 1739 1473 1808; x_wconf 51' lang='lat' dir='ltr'><strong>aulae</strong></span> <span class='ocrx_word' id='word_1_180' title='bbox 1493 1739 1624 1830; x_wconf 52' lang='lat' dir='ltr'><strong>absque</strong></span> <span class='ocrx_word' id='word_1_181' title='bbox 1639 1737 1714 1808; x_wconf 56' lang='lat' dir='ltr'><strong>uqa</strong></span> <span class='ocrx_word' id='word_1_182' title='bbox 1729 1735 2113 1806; x_wconf 55' lang='lat' dir='ltr'>viohfioneobfflffl</span> <span class='ocrx_word' id='word_1_183' title='bbox 2125 1739 2248 1810; x_wconf 60' lang='lat' dir='ltr'><strong>volunt,</strong></span> 
     </span>
    </p>
   </div>
   <div class='ocr_carea' id='block_1_4' title="bbox 223 1781 1221 1882">
    <p class='ocr_par' dir='ltr' id='par_1_4' title="bbox 223 1781 1221 1882">
     <span class='ocr_line' id='line_1_16' title="bbox 223 1781 1221 1882; baseline 0.007 -27"><span class='ocrx_word' id='word_1_184' title='bbox 223 1781 282 1855; x_wconf 86' lang='lat' dir='ltr'><strong>liis</strong></span> <span class='ocrx_word' id='word_1_185' title='bbox 308 1785 438 1854; x_wconf 86' lang='lat' dir='ltr'><strong>rectius</strong></span> <span class='ocrx_word' id='word_1_186' title='bbox 460 1783 540 1852; x_wconf 92' lang='lat' dir='ltr'><strong>aliis</strong></span> <span class='ocrx_word' id='word_1_187' title='bbox 563 1785 747 1854; x_wconf 90' lang='lat' dir='ltr'><strong>consulere</strong></span> <span class='ocrx_word' id='word_1_188' title='bbox 775 1786 959 1872; x_wconf 89' lang='lat' dir='ltr'><strong>videntur,</strong></span> <span class='ocrx_word' id='word_1_189' title='bbox 997 1790 1059 1882; x_wconf 90' lang='lat' dir='ltr'><strong>qui</strong></span> <span class='ocrx_word' id='word_1_190' title='bbox 1083 1791 1221 1864; x_wconf 89' lang='lat' dir='ltr'><strong>malunt</strong></span> 
     </span>
    </p>
   </div>
   <div class='ocr_carea' id='block_1_5' title="bbox 223 1836 2247 1984">
    <p class='ocr_par' dir='ltr' id='par_1_5' title="bbox 223 1836 2247 1984">
     <span class='ocr_line' id='line_1_17' title="bbox 223 1836 2247 1984; baseline -0.002 -31"><span class='ocrx_word' id='word_1_191' title='bbox 223 1883 385 1954; x_wconf 90' lang='lat' dir='ltr'><strong>deserere</strong></span> <span class='ocrx_word' id='word_1_192' title='bbox 407 1881 583 1956; x_wconf 82' lang='lat' dir='ltr'><strong>Ecclesiae</strong></span> <span class='ocrx_word' id='word_1_193' title='bbox 604 1909 683 1955; x_wconf 89' lang='lat' dir='ltr'><strong>suas</strong></span> <span class='ocrx_word' id='word_1_194' title='bbox 706 1899 740 1956; x_wconf 91' lang='lat' dir='ltr'><strong>et</strong></span> <span class='ocrx_word' id='word_1_195' title='bbox 763 1889 908 1956; x_wconf 82' lang='lat' dir='ltr'><strong>exilium</strong></span> <span class='ocrx_word' id='word_1_196' title='bbox 933 1891 1025 1981; x_wconf 88' lang='lat' dir='ltr'><strong>pati,</strong></span> <span class='ocrx_word' id='word_1_197' title='bbox 1048 1917 1156 1984; x_wconf 90' lang='lat' dir='ltr'><strong>quam</strong></span> <span class='ocrx_word' id='word_1_198' title='bbox 1182 1893 1221 1962; x_wconf 88' lang='lat' dir='ltr'><strong>in</strong></span> <span class='ocrx_word' id='word_1_199' title='bbox 1265 1836 1356 1908; x_wconf 68' lang='lat' dir='ltr'><strong>cum</strong></span> <span class='ocrx_word' id='word_1_200' title='bbox 1378 1841 1498 1908; x_wconf 59' lang='lat' dir='ltr'><strong>mnia</strong></span> <span class='ocrx_word' id='word_1_201' title='bbox 1523 1839 1713 1929; x_wconf 48' lang='lat' dir='ltr'><strong>diligenter</strong></span> <span class='ocrx_word' id='word_1_202' title='bbox 1733 1839 2003 1928; x_wconf 55' lang='lat' dir='ltr'>perpenduntur</span> <span class='ocrx_word' id='word_1_203' title='bbox 2026 1859 2083 1906; x_wconf 56' lang='grc' dir='ltr'>ω</span> <span class='ocrx_word' id='word_1_204' title='bbox 2104 1839 2177 1931; x_wconf 55' lang='lat'><strong>59⁸³</strong></span> <span class='ocrx_word' id='word_1_205' title='bbox 2200 1839 2247 1908; x_wconf 66' lang='lat'><strong>¹⁰⁸</strong></span> 
     </span>
    </p>
   </div>
   <div class='ocr_carea' id='block_1_6' title="bbox 223 1965 1220 2078">
    <p class='ocr_par' dir='ltr' id='par_1_6' title="bbox 223 1965 1220 2078">
     <span class='ocr_line' id='line_1_18' title="bbox 223 1965 1220 2078; baseline 0.008 -23"><span class='ocrx_word' id='word_1_206' title='bbox 223 1985 371 2057; x_wconf 86' lang='lat' dir='ltr'><strong>istarum</strong></span> <span class='ocrx_word' id='word_1_207' title='bbox 399 1985 555 2057; x_wconf 80' lang='lat' dir='ltr'><strong>sutilium</strong></span> <span class='ocrx_word' id='word_1_208' title='bbox 590 1999 625 2056; x_wconf 92' lang='lat' dir='ltr'><strong>et</strong></span> <span class='ocrx_word' id='word_1_209' title='bbox 657 1987 933 2078; x_wconf 89' lang='lat' dir='ltr'><strong>periculosarum</strong></span> <span class='ocrx_word' id='word_1_210' title='bbox 964 2015 1084 2061; x_wconf 89' lang='lat' dir='ltr'><strong>rerum</strong></span> <span class='ocrx_word' id='word_1_211' title='bbox 1116 1965 1220 2064; x_wconf 86' lang='lat' dir='ltr'><strong>ludos</strong></span> 
     </span>
    </p>
   </div>
   <div class='ocr_carea' id='block_1_7' title="bbox 1263 1933 2248 2336">
    <p class='ocr_par' dir='ltr' id='par_1_7' title="bbox 1263 1933 2248 2336">
     <span class='ocr_line' id='line_1_19' title="bbox 1265 1933 2246 2032; baseline 0 -24"><span class='ocrx_word' id='word_1_212' title='bbox 1265 1941 1387 2032; x_wconf 88' lang='lat' dir='ltr'><strong>quitur</strong></span> <span class='ocrx_word' id='word_1_213' title='bbox 1408 1942 1528 2012; x_wconf 90' lang='lat' dir='ltr'><strong>sucum</strong></span> <span class='ocrx_word' id='word_1_214' title='bbox 1551 1941 1628 2010; x_wconf 85' lang='lat' dir='ltr'><strong>fieri</strong></span> <span class='ocrx_word' id='word_1_215' title='bbox 1650 1937 1817 2012; x_wconf 88' lang='lat' dir='ltr'><strong>Ecclesiis</strong></span> <span class='ocrx_word' id='word_1_216' title='bbox 1838 1933 2091 2030; x_wconf 76' lang='lat' dir='ltr'><strong>Adiaptiomis</strong></span> <span class='ocrx_word' id='word_1_217' title='bbox 2120 1941 2246 2029; x_wconf 85' lang='lat' dir='ltr'><strong>mitiga-</strong></span> 
     </span>
     <span class='ocr_line' id='line_1_20' title="bbox 1266 2028 2247 2136; baseline 0 -26"><span class='ocrx_word' id='word_1_218' title='bbox 1266 2042 1443 2123; x_wconf 89' lang='lat' dir='ltr'><strong>tionibus,</strong></span> <span class='ocrx_word' id='word_1_219' title='bbox 1478 2043 1678 2133; x_wconf 89' lang='lat' dir='ltr'><strong>pastoribus</strong></span> <span class='ocrx_word' id='word_1_220' title='bbox 1707 2035 1888 2136; x_wconf 80' lang='lat' dir='ltr'><strong>imponi⁸)</strong></span> <span class='ocrx_word' id='word_1_221' title='bbox 1909 2052 1946 2110; x_wconf 88' lang='lat' dir='ltr'><strong>et</strong></span> <span class='ocrx_word' id='word_1_222' title='bbox 1968 2040 2118 2110; x_wconf 85' lang='lat' dir='ltr'><strong>insidias</strong></span> <span class='ocrx_word' id='word_1_223' title='bbox 2142 2028 2247 2133; x_wconf 85' lang='lat' dir='ltr'><strong>parari</strong></span> 
     </span>
     <span class='ocr_line' id='line_1_21' title="bbox 1263 2139 2248 2236; baseline 0.001 -25"><span class='ocrx_word' id='word_1_224' title='bbox 1263 2146 1306 2212; x_wconf 91' lang='lat' dir='ltr'><strong>ad</strong></span> <span class='ocrx_word' id='word_1_225' title='bbox 1322 2139 1558 2214; x_wconf 87' lang='lat' dir='ltr'><strong>revebendam</strong></span> <span class='ocrx_word' id='word_1_226' title='bbox 1572 2141 1786 2236; x_wconf 86' lang='lat' dir='ltr'><strong>Papisticam</strong></span> <span class='ocrx_word' id='word_1_227' title='bbox 1801 2141 2034 2234; x_wconf 87' lang='lat' dir='ltr'><strong>impietatem,</strong></span> <span class='ocrx_word' id='word_1_228' title='bbox 2049 2143 2248 2236; x_wconf 83' lang='lat' dir='ltr'><strong>quarnPon-</strong></span> 
     </span>
     <span class='ocr_line' id='line_1_22' title="bbox 1266 2241 2247 2336; baseline 0.002 -23"><span class='ocrx_word' id='word_1_229' title='bbox 1266 2245 1365 2314; x_wconf 87' lang='lat' dir='ltr'><strong>tificii</strong></span> <span class='ocrx_word' id='word_1_230' title='bbox 1380 2257 1490 2316; x_wconf 88' lang='lat' dir='ltr'><strong>totam</strong></span> <span class='ocrx_word' id='word_1_231' title='bbox 1505 2246 1632 2316; x_wconf 81' lang='lat' dir='ltr'><strong>colunt</strong></span> <span class='ocrx_word' id='word_1_232' title='bbox 1647 2244 1767 2336; x_wconf 85' lang='lat' dir='ltr'><strong>recipi.</strong></span> <span class='ocrx_word' id='word_1_233' title='bbox 1818 2241 1914 2314; x_wconf 84' lang='lat' dir='ltr'><strong>Haec</strong></span> <span class='ocrx_word' id='word_1_234' title='bbox 1927 2267 2010 2314; x_wconf 88' lang='lat' dir='ltr'><strong>cuin</strong></span> <span class='ocrx_word' id='word_1_235' title='bbox 2023 2244 2074 2313; x_wconf 83' lang='lat' dir='ltr'><strong>ita</strong></span> <span class='ocrx_word' id='word_1_236' title='bbox 2090 2247 2178 2329; x_wconf 89' lang='lat' dir='ltr'><strong>sint,</strong></span> <span class='ocrx_word' id='word_1_237' title='bbox 2193 2267 2247 2333; x_wconf 87' lang='lat' dir='ltr'><strong>pa-</strong></span> 
     </span>
    </p>
   </div>
   <div class='ocr_carea' id='block_1_8' title="bbox 219 2083 1219 2493">
    <p class='ocr_par' dir='ltr' id='par_1_8' title="bbox 219 2083 1219 2493">
     <span class='ocr_line' id='line_1_23' title="bbox 220 2083 1219 2178; baseline 0.009 -22"><span class='ocrx_word' id='word_1_238' title='bbox 220 2087 439 2174; x_wconf 87' lang='lat' dir='ltr'><strong>consentire,</strong></span> <span class='ocrx_word' id='word_1_239' title='bbox 459 2083 564 2158; x_wconf 90' lang='lat' dir='ltr'><strong>ethis</strong></span> <span class='ocrx_word' id='word_1_240' title='bbox 580 2089 683 2178; x_wconf 81' lang='lat' dir='ltr'><strong>nugis</strong></span> <span class='ocrx_word' id='word_1_241' title='bbox 696 2091 884 2160; x_wconf 85' lang='lat' dir='ltr'><strong>fenestram</strong></span> <span class='ocrx_word' id='word_1_242' title='bbox 900 2115 939 2161; x_wconf 91' lang='lat' dir='ltr'><strong>ac</strong></span> <span class='ocrx_word' id='word_1_243' title='bbox 954 2093 1047 2162; x_wconf 87' lang='lat' dir='ltr'><strong>viam</strong></span> <span class='ocrx_word' id='word_1_244' title='bbox 1065 2109 1219 2166; x_wconf 88' lang='lat' dir='ltr'><strong>sternere</strong></span> 
     </span>
     <span class='ocr_line' id='line_1_24' title="bbox 220 2189 1219 2268; baseline 0.006 -10"><span class='ocrx_word' id='word_1_245' title='bbox 220 2189 399 2258; x_wconf 88' lang='lat' dir='ltr'><strong>rediturae</strong></span> <span class='ocrx_word' id='word_1_246' title='bbox 427 2189 695 2260; x_wconf 88' lang='lat' dir='ltr'><strong>abominationi.</strong></span> <span class='ocrx_word' id='word_1_247' title='bbox 757 2189 825 2262; x_wconf 91' lang='lat' dir='ltr'><strong>Hic</strong></span> <span class='ocrx_word' id='word_1_248' title='bbox 848 2193 978 2264; x_wconf 88' lang='lat' dir='ltr'><strong>iudicia</strong></span> <span class='ocrx_word' id='word_1_249' title='bbox 1000 2195 1139 2268; x_wconf 90' lang='lat' dir='ltr'><strong>variant</strong></span> <span class='ocrx_word' id='word_1_250' title='bbox 1162 2197 1219 2267; x_wconf 93' lang='lat' dir='ltr'><strong>di-</strong></span> 
     </span>
     <span class='ocr_line' id='line_1_25' title="bbox 220 2289 1218 2384; baseline 0.01 -26"><span class='ocrx_word' id='word_1_251' title='bbox 220 2313 410 2384; x_wconf 86' lang='lat' dir='ltr'><strong>versaeque</strong></span> <span class='ocrx_word' id='word_1_252' title='bbox 426 2291 623 2360; x_wconf 90' lang='lat' dir='ltr'><strong>audiuntur</strong></span> <span class='ocrx_word' id='word_1_253' title='bbox 636 2295 841 2366; x_wconf 87' lang='lat' dir='ltr'><strong>sententiae.</strong></span> <span class='ocrx_word' id='word_1_254' title='bbox 893 2289 969 2364; x_wconf 85' lang='lat' dir='ltr'><strong>Atii</strong></span> <span class='ocrx_word' id='word_1_255' title='bbox 988 2297 1130 2384; x_wconf 90' lang='lat' dir='ltr'><strong>dicunt,</strong></span> <span class='ocrx_word' id='word_1_256' title='bbox 1154 2293 1218 2369; x_wconf 88' lang='lat' dir='ltr'><strong>bas</strong></span> 
     </span>
     <span class='ocr_line' id='line_1_26' title="bbox 219 2391 1216 2493; baseline 0.011 -35"><span class='ocrx_word' id='word_1_257' title='bbox 219 2391 370 2484; x_wconf 89' lang='lat' dir='ltr'><strong>ineptias</strong></span> <span class='ocrx_word' id='word_1_258' title='bbox 385 2405 420 2462; x_wconf 92' lang='lat' dir='ltr'><strong>et</strong></span> <span class='ocrx_word' id='word_1_259' title='bbox 434 2391 601 2462; x_wconf 88' lang='lat' dir='ltr'><strong>stultitias</strong></span> <span class='ocrx_word' id='word_1_260' title='bbox 619 2394 736 2482; x_wconf 88' lang='lat' dir='ltr'><strong>potius</strong></span> <span class='ocrx_word' id='word_1_261' title='bbox 752 2394 978 2485; x_wconf 90' lang='lat' dir='ltr'><strong>siiscipendas</strong></span> <span class='ocrx_word' id='word_1_262' title='bbox 997 2421 1088 2484; x_wconf 90' lang='lat' dir='ltr'><strong>esse,</strong></span> <span class='ocrx_word' id='word_1_263' title='bbox 1111 2423 1216 2493; x_wconf 88' lang='lat' dir='ltr'><strong>quani</strong></span> 
     </span>
    </p>
   </div>
   <div class='ocr_carea' id='block_1_9' title="bbox 216 2483 2244 2694">
    <p class='ocr_par' dir='ltr' id='par_1_9' title="bbox 216 2483 2244 2694">
     <span class='ocr_line' id='line_1_27' title="bbox 216 2483 2244 2620; baseline 0.005 -58"><span class='ocrx_word' id='word_1_264' title='bbox 216 2483 396 2562; x_wconf 87' lang='lat' dir='ltr'><strong>Ecclesiae</strong></span> <span class='ocrx_word' id='word_1_265' title='bbox 427 2495 649 2578; x_wconf 90' lang='lat' dir='ltr'><strong>deserantur;</strong></span> <span class='ocrx_word' id='word_1_266' title='bbox 700 2495 760 2564; x_wconf 88' lang='lat' dir='ltr'><strong>alii</strong></span> <span class='ocrx_word' id='word_1_267' title='bbox 795 2498 1012 2568; x_wconf 90' lang='lat' dir='ltr'><strong>contrarium</strong></span> <span class='ocrx_word' id='word_1_268' title='bbox 1045 2515 1217 2585; x_wconf 89' lang='lat' dir='ltr'><strong>statuunt,</strong></span> <span class='ocrx_word' id='word_1_269' title='bbox 1261 2548 1311 2618; x_wconf 52' lang='lat' dir='ltr'><strong>eis</strong></span> <span class='ocrx_word' id='word_1_270' title='bbox 1336 2549 1394 2618; x_wconf 61' lang='lat' dir='ltr'><strong>ine</strong></span> <span class='ocrx_word' id='word_1_271' title='bbox 1421 2549 1459 2620; x_wconf 75' lang='grc' dir='ltr'><strong>ι..</strong></span> <span class='ocrx_word' id='word_1_272' title='bbox 1649 2543 1735 2618; x_wconf 69' lang='grc' dir='ltr'><strong>ΕΕΙ</strong></span> <span class='ocrx_word' id='word_1_273' title='bbox 1775 2549 1784 2565; x_wconf 88' lang='lat'><strong>·</strong></span> <span class='ocrx_word' id='word_1_274' title='bbox 1972 2560 1986 2618; x_wconf 57' lang='lat' dir='ltr'>t</span> <span class='ocrx_word' id='word_1_275' title='bbox 2225 2549 2244 2616; x_wconf 71' lang='lat' dir='ltr'>d</span> 
     </span>
     <span class='ocr_line' id='line_1_28' title="bbox 217 2561 2222 2694; baseline -0.002 -29"><span class='ocrx_word' id='word_1_276' title='bbox 217 2597 314 2688; x_wconf 91' lang='lat' dir='ltr'><strong>quod</strong></span> <span class='ocrx_word' id='word_1_277' title='bbox 330 2593 506 2664; x_wconf 87' lang='lat' dir='ltr'><strong>restitutio</strong></span> <span class='ocrx_word' id='word_1_278' title='bbox 522 2594 668 2664; x_wconf 88' lang='lat' dir='ltr'><strong>istarum</strong></span> <span class='ocrx_word' id='word_1_279' title='bbox 684 2595 897 2686; x_wconf 87' lang='lat' dir='ltr'><strong>ineptiarum</strong></span> <span class='ocrx_word' id='word_1_280' title='bbox 907 2597 978 2670; x_wconf 88' lang='lat' dir='ltr'><strong>sint</strong></span> <span class='ocrx_word' id='word_1_281' title='bbox 992 2601 1145 2694; x_wconf 86' lang='lat' dir='ltr'><strong>auspicia</strong></span> <span class='ocrx_word' id='word_1_282' title='bbox 1160 2627 1217 2672; x_wconf 84' lang='lat' dir='ltr'><strong>re·</strong></span> <span class='ocrx_word' id='word_1_283' title='bbox 1395 2575 1418 2641; x_wconf 75' lang='grc' dir='ltr'><strong>Ρ</strong></span> <span class='ocrx_word' id='word_1_284' title='bbox 1435 2575 1498 2634; x_wconf 76' lang='lat'>¹¹⁸’</span> <span class='ocrx_word' id='word_1_285' title='bbox 1531 2573 1622 2643; x_wconf 65' lang='lat'>‘¹⁰⁸⁰</span> <span class='ocrx_word' id='word_1_286' title='bbox 1702 2572 1828 2618; x_wconf 63' lang='lat'><strong>“⁸¹³⁰</strong></span> <span class='ocrx_word' id='word_1_287' title='bbox 1857 2569 1970 2618; x_wconf 67' lang='lat'><strong>”⁰⁰²⁰</strong></span> <span class='ocrx_word' id='word_1_288' title='bbox 1993 2599 2003 2630; x_wconf 89' lang='lat'>’</span> <span class='ocrx_word' id='word_1_289' title='bbox 2036 2561 2072 2618; x_wconf 58' lang='lat' dir='ltr'><strong>‘t</strong></span> <span class='ocrx_word' id='word_1_290' title='bbox 2100 2571 2222 2642; x_wconf 62' lang='lat' dir='ltr'><strong>‘lum</strong></span> 
     </span>
    </p>
   </div>
   <div class='ocr_carea' id='block_1_10' title="bbox 217 2645 2244 2791">
    <p class='ocr_par' dir='ltr' id='par_1_10' title="bbox 217 2645 2244 2791">
     <span class='ocr_line' id='line_1_29' title="bbox 217 2645 2244 2791; baseline -0.015 -45"><span class='ocrx_word' id='word_1_291' title='bbox 217 2693 368 2764; x_wconf 62' lang='lat' dir='ltr'><strong>ducendp</strong></span> <span class='ocrx_word' id='word_1_292' title='bbox 390 2693 681 2788; x_wconf 48' lang='lat' dir='ltr'><strong>impqipapqsm;&#39;</strong></span> <span class='ocrx_word' id='word_1_293' title='bbox 708 2699 1007 2791; x_wconf 58' lang='lat' dir='ltr'><strong>quommiudicio</strong></span> <span class='ocrx_word' id='word_1_294' title='bbox 1025 2716 1215 2775; x_wconf 48' lang='lat' dir='ltr'><strong>memen-</strong></span> <span class='ocrx_word' id='word_1_295' title='bbox 1260 2652 1517 2724; x_wconf 89' lang='lat' dir='ltr'><strong>restituendum</strong></span> <span class='ocrx_word' id='word_1_296' title='bbox 1548 2649 1721 2741; x_wconf 87' lang='lat' dir='ltr'><strong>Papatuui</strong></span> <span class='ocrx_word' id='word_1_297' title='bbox 1751 2651 1817 2720; x_wconf 89' lang='lat' dir='ltr'><strong>sub</strong></span> <span class='ocrx_word' id='word_1_298' title='bbox 1847 2649 1936 2720; x_wconf 79' lang='lat' dir='ltr'><strong>falsa</strong></span> <span class='ocrx_word' id='word_1_299' title='bbox 1964 2645 2244 2741; x_wconf 83' lang='lat' dir='ltr'><strong>Adisphororum</strong></span> 
     </span>
    </p>
   </div>
   <div class='ocr_carea' id='block_1_11' title="bbox 217 2747 2243 2896">
    <p class='ocr_par' dir='ltr' id='par_1_11' title="bbox 217 2747 2243 2896">
     <span class='ocr_line' id='line_1_30' title="bbox 217 2747 2243 2896; baseline 0.008 -31"><span class='ocrx_word' id='word_1_300' title='bbox 217 2793 287 2865; x_wconf 86' lang='lat' dir='ltr'><strong>tiae</strong></span> <span class='ocrx_word' id='word_1_301' title='bbox 307 2797 448 2865; x_wconf 92' lang='lat' dir='ltr'><strong>videtur</strong></span> <span class='ocrx_word' id='word_1_302' title='bbox 471 2797 655 2888; x_wconf 81' lang='lat' dir='ltr'><strong>suffragari</strong></span> <span class='ocrx_word' id='word_1_303' title='bbox 685 2823 808 2890; x_wconf 83' lang='lat' dir='ltr'><strong>magna</strong></span> <span class='ocrx_word' id='word_1_304' title='bbox 834 2825 913 2890; x_wconf 89' lang='lat' dir='ltr'><strong>pars</strong></span> <span class='ocrx_word' id='word_1_305' title='bbox 937 2798 1215 2896; x_wconf 81' lang='lat' dir='ltr'><strong>Theologorum,</strong></span> <span class='ocrx_word' id='word_1_306' title='bbox 1259 2747 1495 2843; x_wconf 52' lang='lat' dir='ltr'><strong>appellalim</strong></span> <span class='ocrx_word' id='word_1_307' title='bbox 1527 2753 1560 2822; x_wconf 57' lang='lat' dir='ltr'><strong>ei</strong></span> <span class='ocrx_word' id='word_1_308' title='bbox 1586 2753 1874 2822; x_wconf 56' lang='lat' dir='ltr'><strong>⁰btmdunmr³</strong></span> <span class='ocrx_word' id='word_1_309' title='bbox 1904 2749 2124 2841; x_wconf 48' lang='lat' dir='ltr'>“pienum</span> <span class='ocrx_word' id='word_1_310' title='bbox 2150 2747 2243 2826; x_wconf 53' lang='lat' dir='ltr'><strong>*mim</strong></span> 
     </span>
    </p>
   </div>
   <div class='ocr_carea' id='block_1_12' title="bbox 217 2849 2243 2992">
    <p class='ocr_par' dir='ltr' id='par_1_12' title="bbox 217 2849 2243 2992">
     <span class='ocr_line' id='line_1_31' title="bbox 217 2849 2243 2992; baseline -0.014 -44"><span class='ocrx_word' id='word_1_311' title='bbox 217 2899 314 2992; x_wconf 72' lang='lat' dir='ltr'><strong>quod</strong></span> <span class='ocrx_word' id='word_1_312' title='bbox 347 2899 576 2968; x_wconf 54' lang='lat' dir='ltr'><strong>confictorum</strong></span> <span class='ocrx_word' id='word_1_313' title='bbox 603 2896 892 2992; x_wconf 49' lang='lat' dir='ltr'><strong>Adiflphomrum</strong></span> <span class='ocrx_word' id='word_1_314' title='bbox 925 2905 1149 2986; x_wconf 59' lang='lat' dir='ltr'><strong>restitutione</strong></span> <span class='ocrx_word' id='word_1_315' title='bbox 1177 2909 1213 2977; x_wconf 55' lang='lat' dir='ltr'><strong>id</strong></span> <span class='ocrx_word' id='word_1_316' title='bbox 1259 2855 1389 2972; x_wconf 74' lang='lat' dir='ltr'><strong>seculi,</strong></span> <span class='ocrx_word' id='word_1_317' title='bbox 1422 2856 1485 2948; x_wconf 90' lang='lat' dir='ltr'><strong>qiii</strong></span> <span class='ocrx_word' id='word_1_318' title='bbox 1507 2849 1573 2926; x_wconf 89' lang='lat' dir='ltr'><strong>hac</strong></span> <span class='ocrx_word' id='word_1_319' title='bbox 1593 2854 1729 2925; x_wconf 89' lang='lat' dir='ltr'><strong>ratione</strong></span> <span class='ocrx_word' id='word_1_320' title='bbox 1755 2853 1897 2924; x_wconf 89' lang='lat' dir='ltr'><strong>student</strong></span> <span class='ocrx_word' id='word_1_321' title='bbox 1921 2853 2105 2922; x_wconf 82' lang='lat' dir='ltr'><strong>consulere</strong></span> <span class='ocrx_word' id='word_1_322' title='bbox 2127 2855 2191 2924; x_wconf 89' lang='lat' dir='ltr'><strong>sibi</strong></span> <span class='ocrx_word' id='word_1_323' title='bbox 2214 2865 2243 2920; x_wconf 78' lang='lat' dir='ltr'><strong>rt</strong></span> 
     </span>
    </p>
   </div>
   <div class='ocr_carea' id='block_1_13' title="bbox 215 2949 2243 3099">
    <p class='ocr_par' dir='ltr' id='par_1_13' title="bbox 215 2949 2243 3099">
     <span class='ocr_line' id='line_1_32' title="bbox 215 2949 2243 3099; baseline -0.006 -31"><span class='ocrx_word' id='word_1_324' title='bbox 215 3013 358 3088; x_wconf 79' lang='lat' dir='ltr'><strong>agatur,</strong></span> <span class='ocrx_word' id='word_1_325' title='bbox 389 3013 429 3068; x_wconf 95' lang='lat' dir='ltr'><strong>ut</strong></span> <span class='ocrx_word' id='word_1_326' title='bbox 452 3015 570 3069; x_wconf 91' lang='lat' dir='ltr'><strong>nostra</strong></span> <span class='ocrx_word' id='word_1_327' title='bbox 597 3003 758 3071; x_wconf 84' lang='lat' dir='ltr'><strong>doctrina</strong></span> <span class='ocrx_word' id='word_1_328' title='bbox 788 3017 945 3093; x_wconf 88' lang='lat' dir='ltr'><strong>suspecta</strong></span> <span class='ocrx_word' id='word_1_329' title='bbox 967 3005 1027 3078; x_wconf 88' lang='lat' dir='ltr'><strong>liat</strong></span> <span class='ocrx_word' id='word_1_330' title='bbox 1051 3009 1157 3099; x_wconf 82' lang='lat' dir='ltr'><strong>vulgo</strong></span> <span class='ocrx_word' id='word_1_331' title='bbox 1180 3023 1215 3080; x_wconf 91' lang='lat' dir='ltr'><strong>et</strong></span> <span class='ocrx_word' id='word_1_332' title='bbox 1258 2977 1332 3024; x_wconf 68' lang='lat'><strong>⁵⁰¹⁸</strong></span> <span class='ocrx_word' id='word_1_333' title='bbox 1355 2957 1570 3041; x_wconf 65' lang='lat' dir='ltr'><strong>⁶⁰mm⁰di³’</strong></span> <span class='ocrx_word' id='word_1_334' title='bbox 1595 2980 1669 3026; x_wconf 73' lang='lat'><strong>¹¹⁰⁰</strong></span> <span class='ocrx_word' id='word_1_335' title='bbox 1690 2951 1867 3029; x_wconf 53' lang='lat' dir='ltr'><strong>Ecclfflhe</strong></span> <span class='ocrx_word' id='word_1_336' title='bbox 1891 2950 1970 3024; x_wconf 55' lang='grc' dir='ltr'><strong>ιω</strong></span> <span class='ocrx_word' id='word_1_337' title='bbox 1985 2949 2133 3026; x_wconf 46' lang='lat' dir='ltr'><strong>efflui·</strong></span> <span class='ocrx_word' id='word_1_338' title='bbox 2178 2953 2243 3024; x_wconf 67' lang='grc' dir='ltr'><strong>ΤΟ·</strong></span> 
     </span>
    </p>
   </div>
   <div class='ocr_carea' id='block_1_14' title="bbox 215 3055 2243 3297">
    <p class='ocr_par' dir='ltr' id='par_1_14' title="bbox 215 3055 2243 3297">
     <span class='ocr_line' id='line_1_33' title="bbox 215 3055 2243 3232; baseline 0.027 -65"><span class='ocrx_word' id='word_1_339' title='bbox 215 3123 279 3217; x_wconf 74' lang='lat' dir='ltr'><strong>per</strong></span> <span class='ocrx_word' id='word_1_340' title='bbox 293 3113 432 3169; x_wconf 87' lang='lat' dir='ltr'><strong>nosmet</strong></span> <span class='ocrx_word' id='word_1_341' title='bbox 446 3100 540 3214; x_wconf 83' lang='lat' dir='ltr'><strong>ipsos</strong></span> <span class='ocrx_word' id='word_1_342' title='bbox 554 3123 695 3192; x_wconf 89' lang='lat' dir='ltr'><strong>asperae</strong></span> <span class='ocrx_word' id='word_1_343' title='bbox 700 3105 781 3220; x_wconf 66' lang='lat' dir='ltr'><strong>piae</strong></span> <span class='ocrx_word' id='word_1_344' title='bbox 795 3105 974 3222; x_wconf 72' lang='lat' dir='ltr'><strong>prioribus</strong></span> <span class='ocrx_word' id='word_1_345' title='bbox 990 3109 1214 3200; x_wconf 91' lang='lat' dir='ltr'><strong>superstitio·</strong></span> <span class='ocrx_word' id='word_1_346' title='bbox 1259 3055 1720 3232; x_wconf 50' lang='grc' dir='ltr'><strong>ὲῐῗξέἐξῖῑὸῗῑῑθὲἷιῑξῃῒὲῐΐ</strong></span> <span class='ocrx_word' id='word_1_347' title='bbox 1745 3071 1870 3226; x_wconf 69' lang='lat' dir='ltr'><strong>alllalll</strong></span> <span class='ocrx_word' id='word_1_348' title='bbox 1884 3055 2243 3230; x_wconf 53' lang='grc' dir='ltr'><strong>ιειξιιιιιξεῑῖὅὶῗίιξὲῃῗιῖ</strong></span> 
     </span>
     <span class='ocr_line' id='line_1_34' title="bbox 215 3181 1947 3297; baseline 0.015 -30"><span class='ocrx_word' id='word_1_349' title='bbox 215 3201 323 3297; x_wconf 80' lang='lat' dir='ltr'><strong>nibus</strong></span> <span class='ocrx_word' id='word_1_350' title='bbox 354 3201 596 3292; x_wconf 81' lang='lat' dir='ltr'><strong>explanentur.</strong></span> <span class='ocrx_word' id='word_1_351' title='bbox 661 3201 839 3275; x_wconf 87' lang='lat' dir='ltr'><strong>Hierum</strong></span> <span class='ocrx_word' id='word_1_352' title='bbox 871 3207 1212 3282; x_wconf 89' lang='lat' dir='ltr'><strong>iudiciadoctorum</strong></span> <span class='ocrx_word' id='word_1_353' title='bbox 1337 3237 1340 3244; x_wconf 89' lang='grc'><strong>’</strong></span> <span class='ocrx_word' id='word_1_354' title='bbox 1720 3183 1779 3250; x_wconf 72' lang='lat' dir='ltr'><strong>&#39;q</strong></span> <span class='ocrx_word' id='word_1_355' title='bbox 1924 3181 1947 3249; x_wconf 75' lang='lat' dir='ltr'><strong>q</strong></span> 
     </span>
    </p>
   </div>
   <div class='ocr_carea' id='block_1_15' title="bbox 216 3255 2242 3400">
    <p class='ocr_par' dir='ltr' id='par_1_15' title="bbox 216 3255 2242 3400">
     <span class='ocr_line' id='line_1_35' title="bbox 216 3255 2242 3400; baseline 0.006 -28"><span class='ocrx_word' id='word_1_356' title='bbox 216 3313 400 3396; x_wconf 90' lang='lat' dir='ltr'><strong>tantopere</strong></span> <span class='ocrx_word' id='word_1_357' title='bbox 415 3302 554 3372; x_wconf 87' lang='lat' dir='ltr'><strong>varient</strong></span> <span class='ocrx_word' id='word_1_358' title='bbox 570 3318 605 3373; x_wconf 93' lang='lat' dir='ltr'><strong>et</strong></span> <span class='ocrx_word' id='word_1_359' title='bbox 618 3297 685 3372; x_wconf 91' lang='lat' dir='ltr'><strong>hae</strong></span> <span class='ocrx_word' id='word_1_360' title='bbox 701 3329 756 3374; x_wconf 91' lang='lat' dir='ltr'><strong>res</strong></span> <span class='ocrx_word' id='word_1_361' title='bbox 771 3307 859 3378; x_wconf 88' lang='lat' dir='ltr'><strong>tanti</strong></span> <span class='ocrx_word' id='word_1_362' title='bbox 875 3309 946 3380; x_wconf 92' lang='lat' dir='ltr'><strong>sint</strong></span> <span class='ocrx_word' id='word_1_363' title='bbox 961 3315 1152 3400; x_wconf 90' lang='lat' dir='ltr'><strong>momenti,</strong></span> <span class='ocrx_word' id='word_1_364' title='bbox 1173 3327 1214 3384; x_wconf 95' lang='lat' dir='ltr'><strong>ut</strong></span> <span class='ocrx_word' id='word_1_365' title='bbox 1258 3255 1498 3332; x_wconf 54' lang='lat' dir='ltr'>&amp;demtum</span> <span class='ocrx_word' id='word_1_366' title='bbox 1533 3263 1841 3332; x_wconf 53' lang='lat' dir='ltr'><strong>admmumtwne</strong></span> <span class='ocrx_word' id='word_1_367' title='bbox 1874 3281 1954 3328; x_wconf 63' lang='lat' dir='ltr'><strong>eum</strong></span> <span class='ocrx_word' id='word_1_368' title='bbox 1988 3281 2133 3350; x_wconf 66' lang='lat' dir='ltr'>pmpm</span> <span class='ocrx_word' id='word_1_369' title='bbox 2167 3281 2242 3328; x_wconf 52' lang='lat'><strong>⁶⁰⁰⁸</strong></span> 
     </span>
    </p>
   </div>
   <div class='ocr_carea' id='block_1_16' title="bbox 213 3351 2242 3604">
    <p class='ocr_par' dir='ltr' id='par_1_16' title="bbox 213 3351 2242 3604">
     <span class='ocr_line' id='line_1_36' title="bbox 213 3351 2242 3485; baseline -0.007 -12"><span class='ocrx_word' id='word_1_370' title='bbox 213 3397 454 3473; x_wconf 90' lang='lat' dir='ltr'><strong>Ecclesiariim</strong></span> <span class='ocrx_word' id='word_1_371' title='bbox 470 3405 561 3473; x_wconf 89' lang='lat' dir='ltr'><strong>beiie</strong></span> <span class='ocrx_word' id='word_1_372' title='bbox 577 3405 845 3478; x_wconf 88' lang='lat' dir='ltr'><strong>constitutarum</strong></span> <span class='ocrx_word' id='word_1_373' title='bbox 863 3411 1080 3482; x_wconf 88' lang='lat' dir='ltr'><strong>eversionem</strong></span> <span class='ocrx_word' id='word_1_374' title='bbox 1094 3439 1212 3485; x_wconf 91' lang='lat' dir='ltr'><strong>secum</strong></span> <span class='ocrx_word' id='word_1_375' title='bbox 1256 3351 1553 3435; x_wconf 55' lang='lat' dir='ltr'><strong>sclemiahmrl&#39;</strong></span> <span class='ocrx_word' id='word_1_376' title='bbox 1606 3359 1690 3432; x_wconf 66' lang='lat' dir='ltr'>1d⁹⁰</span> <span class='ocrx_word' id='word_1_377' title='bbox 1710 3384 1849 3430; x_wconf 53' lang='lat' dir='ltr'>necem</span> <span class='ocrx_word' id='word_1_378' title='bbox 1866 3371 1938 3442; x_wconf 60' lang='lat'><strong>‘⁵²’</strong></span> <span class='ocrx_word' id='word_1_379' title='bbox 1961 3371 2004 3429; x_wconf 56' lang='grc' dir='ltr'><strong>ἠ</strong></span> <span class='ocrx_word' id='word_1_380' title='bbox 2026 3372 2102 3430; x_wconf 61' lang='lat' dir='ltr'><strong>²⁰t³</strong></span> <span class='ocrx_word' id='word_1_381' title='bbox 2122 3357 2242 3430; x_wconf 57' lang='lat' dir='ltr'><strong>dmi·</strong></span> 
     </span>
     <span class='ocr_line' id='line_1_37' title="bbox 214 3499 1213 3604; baseline 0.011 -29"><span class='ocrx_word' id='word_1_382' title='bbox 214 3499 359 3575; x_wconf 91' lang='lat' dir='ltr'><strong>trahant</strong></span> <span class='ocrx_word' id='word_1_383' title='bbox 381 3515 415 3574; x_wconf 88' lang='lat' dir='ltr'><strong>et</strong></span> <span class='ocrx_word' id='word_1_384' title='bbox 437 3505 556 3574; x_wconf 89' lang='lat' dir='ltr'><strong>omnia</strong></span> <span class='ocrx_word' id='word_1_385' title='bbox 573 3506 729 3576; x_wconf 88' lang='lat' dir='ltr'><strong>dissidiis</strong></span> <span class='ocrx_word' id='word_1_386' title='bbox 745 3523 779 3578; x_wconf 92' lang='lat' dir='ltr'><strong>et</strong></span> <span class='ocrx_word' id='word_1_387' title='bbox 792 3511 967 3581; x_wconf 88' lang='lat' dir='ltr'><strong>scandalis</strong></span> <span class='ocrx_word' id='word_1_388' title='bbox 987 3514 1119 3604; x_wconf 90' lang='lat' dir='ltr'><strong>repleta</strong></span> <span class='ocrx_word' id='word_1_389' title='bbox 1142 3516 1213 3588; x_wconf 88' lang='lat' dir='ltr'><strong>sint</strong></span> 
     </span>
    </p>
   </div>
   <div class='ocr_carea' id='block_1_17' title="bbox 214 3599 2239 3865">
    <p class='ocr_par' dir='ltr' id='par_1_17' title="bbox 214 3599 2239 3865">
     <span class='ocr_line' id='line_1_38' title="bbox 214 3599 2239 3778; baseline 0.003 -52"><span class='ocrx_word' id='word_1_390' title='bbox 214 3629 254 3675; x_wconf 62' lang='grc' dir='ltr'>ω</span> <span class='ocrx_word' id='word_1_391' title='bbox 269 3599 427 3675; x_wconf 62' lang='lat' dir='ltr'><strong>Ecclem</strong></span> <span class='ocrx_word' id='word_1_392' title='bbox 442 3603 916 3778; x_wconf 50' lang='lat' dir='ltr'><strong>efiRlep&#39;.,¹de⁰l⁰bl⁸⁸t³mm</strong></span> <span class='ocrx_word' id='word_1_393' title='bbox 936 3637 1000 3735; x_wconf 61' lang='lat' dir='ltr'><strong>l⁰⁸</strong></span> <span class='ocrx_word' id='word_1_394' title='bbox 1020 3611 1070 3712; x_wconf 76' lang='lat' dir='ltr'><strong>R&#39;·</strong></span> <span class='ocrx_word' id='word_1_395' title='bbox 1084 3613 1124 3687; x_wconf 78' lang='lat' dir='ltr'><strong>p&#39;</strong></span> <span class='ocrx_word' id='word_1_396' title='bbox 1150 3643 1213 3737; x_wconf 58' lang='lat' dir='ltr'><strong>pst</strong></span> <span class='ocrx_word' id='word_1_397' title='bbox 1256 3689 1393 3750; x_wconf 90' lang='lat' dir='ltr'><strong>remiis,</strong></span> <span class='ocrx_word' id='word_1_398' title='bbox 1413 3681 1447 3736; x_wconf 88' lang='lat' dir='ltr'><strong>et</strong></span> <span class='ocrx_word' id='word_1_399' title='bbox 1462 3691 1506 3734; x_wconf 92' lang='lat' dir='ltr'><strong>ne</strong></span> <span class='ocrx_word' id='word_1_400' title='bbox 1522 3667 1608 3760; x_wconf 86' lang='lat' dir='ltr'><strong>quid</strong></span> <span class='ocrx_word' id='word_1_401' title='bbox 1625 3665 1905 3744; x_wconf 85' lang='lat' dir='ltr'><strong>committamus,</strong></span> <span class='ocrx_word' id='word_1_402' title='bbox 1924 3663 2171 3753; x_wconf 81' lang='lat' dir='ltr'><strong>ingruentibus</strong></span> <span class='ocrx_word' id='word_1_403' title='bbox 2187 3687 2239 3754; x_wconf 85' lang='lat' dir='ltr'><strong>pe-</strong></span> 
     </span>
     <span class='ocr_line' id='line_1_39' title="bbox 215 3713 2238 3865; baseline 0.001 -38"><span class='ocrx_word' id='word_1_404' title='bbox 215 3730 441 3777; x_wconf 61' lang='lat' dir='ltr'>mmmunem</span> <span class='ocrx_word' id='word_1_405' title='bbox 487 3733 524 3777; x_wconf 52' lang='grc' dir='ltr'>π</span> <span class='ocrx_word' id='word_1_406' title='bbox 540 3733 632 3778; x_wconf 53' lang='lat'><strong>‘⁵¹⁶⁰</strong></span> <span class='ocrx_word' id='word_1_407' title='bbox 645 3733 680 3780; x_wconf 68' lang='lat'><strong>⁵³</strong></span> <span class='ocrx_word' id='word_1_408' title='bbox 698 3723 792 3782; x_wconf 55' lang='grc' dir='ltr'><strong>Μ’</strong></span> <span class='ocrx_word' id='word_1_409' title='bbox 813 3727 846 3784; x_wconf 51' lang='lat'><strong>⁰²</strong></span> <span class='ocrx_word' id='word_1_410' title='bbox 861 3713 1212 3803; x_wconf 58' lang='lat' dir='ltr'><strong>gl⁰r¹³m1⁰⁸¹¹Chr¹&#39;</strong></span> <span class='ocrx_word' id='word_1_411' title='bbox 1256 3763 1393 3852; x_wconf 85' lang='lat' dir='ltr'><strong>riculis,</strong></span> <span class='ocrx_word' id='word_1_412' title='bbox 1417 3767 1517 3836; x_wconf 90' lang='lat' dir='ltr'><strong>cuius</strong></span> <span class='ocrx_word' id='word_1_413' title='bbox 1533 3792 1599 3838; x_wconf 91' lang='lat' dir='ltr'><strong>nos</strong></span> <span class='ocrx_word' id='word_1_414' title='bbox 1613 3781 1733 3860; x_wconf 90' lang='lat' dir='ltr'><strong>postea</strong></span> <span class='ocrx_word' id='word_1_415' title='bbox 1750 3765 1948 3858; x_wconf 90' lang='lat' dir='ltr'><strong>poenitere,</strong></span> <span class='ocrx_word' id='word_1_416' title='bbox 1965 3777 1999 3834; x_wconf 91' lang='lat' dir='ltr'><strong>et</strong></span> <span class='ocrx_word' id='word_1_417' title='bbox 2015 3764 2145 3865; x_wconf 88' lang='lat' dir='ltr'><strong>quibus</strong></span> <span class='ocrx_word' id='word_1_418' title='bbox 2163 3788 2238 3834; x_wconf 90' lang='lat' dir='ltr'><strong>con-</strong></span> 
     </span>
    </p>
   </div>
   <div class='ocr_carea' id='block_1_18' title="bbox 215 3807 2239 4006">
    <p class='ocr_par' dir='ltr' id='par_1_18' title="bbox 215 3807 2239 4006">
     <span class='ocr_line' id='line_1_40' title="bbox 215 3807 1906 3912; baseline -0.004 -34"><span class='ocrx_word' id='word_1_419' title='bbox 215 3809 278 3889; x_wconf 90' lang='lat' dir='ltr'><strong>sti,</strong></span> <span class='ocrx_word' id='word_1_420' title='bbox 298 3809 498 3880; x_wconf 89' lang='lat' dir='ltr'><strong>liberatoris</strong></span> <span class='ocrx_word' id='word_1_421' title='bbox 512 3811 642 3894; x_wconf 89' lang='lat' dir='ltr'><strong>nostri,</strong></span> <span class='ocrx_word' id='word_1_422' title='bbox 668 3825 708 3882; x_wconf 91' lang='lat' dir='ltr'><strong>ut</strong></span> <span class='ocrx_word' id='word_1_423' title='bbox 724 3814 768 3883; x_wconf 92' lang='lat' dir='ltr'><strong>de</strong></span> <span class='ocrx_word' id='word_1_424' title='bbox 783 3807 839 3883; x_wconf 89' lang='lat' dir='ltr'><strong>bis</strong></span> <span class='ocrx_word' id='word_1_425' title='bbox 854 3817 977 3904; x_wconf 90' lang='lat' dir='ltr'><strong>rebus,</strong></span> <span class='ocrx_word' id='word_1_426' title='bbox 1002 3817 1213 3912; x_wconf 81' lang='lat' dir='ltr'><strong>quaerldia-</strong></span> <span class='ocrx_word' id='word_1_427' title='bbox 1295 3867 1304 3884; x_wconf 93' lang='lat'>.</span> <span class='ocrx_word' id='word_1_428' title='bbox 1370 3869 1379 3884; x_wconf 91' lang='lat'><strong>.</strong></span> <span class='ocrx_word' id='word_1_429' title='bbox 1494 3896 1500 3906; x_wconf 31' lang='lat'><strong>¹</strong></span> <span class='ocrx_word' id='word_1_430' title='bbox 1662 3895 1668 3907; x_wconf 31' lang='grc' dir='ltr'><strong><em>ι</em></strong></span> <span class='ocrx_word' id='word_1_431' title='bbox 1749 3867 1757 3884; x_wconf 87' lang='grc'><strong>,</strong></span> <span class='ocrx_word' id='word_1_432' title='bbox 1903 3875 1906 3882; x_wconf 73' lang='grc'>,</span> 
     </span>
     <span class='ocr_line' id='line_1_41' title="bbox 215 3869 2239 4006; baseline -0.015 -46"><span class='ocrx_word' id='word_1_433' title='bbox 215 3903 411 4002; x_wconf 62' lang='lat' dir='ltr'><strong>phorom</strong></span> <span class='ocrx_word' id='word_1_434' title='bbox 436 3925 599 3981; x_wconf 60' lang='lat' dir='ltr'><strong>„amram</strong></span> <span class='ocrx_word' id='word_1_435' title='bbox 622 3923 655 3980; x_wconf 58' lang='lat' dir='ltr'><strong>et</strong></span> <span class='ocrx_word' id='word_1_436' title='bbox 678 3913 783 3983; x_wconf 64' lang='lat' dir='ltr'><strong>finem</strong></span> <span class='ocrx_word' id='word_1_437' title='bbox 808 3932 961 4006; x_wconf 50' lang='lat' dir='ltr'><strong>exuunt,</strong></span> <span class='ocrx_word' id='word_1_438' title='bbox 988 3915 1212 3993; x_wconf 54' lang='lat' dir='ltr'><strong>etEcclesiae</strong></span> <span class='ocrx_word' id='word_1_439' title='bbox 1257 3883 1422 3936; x_wconf 77' lang='lat' dir='ltr'><strong>scientiae</strong></span> <span class='ocrx_word' id='word_1_440' title='bbox 1438 3881 1578 3938; x_wconf 85' lang='lat' dir='ltr'><strong>nostrae</strong></span> <span class='ocrx_word' id='word_1_441' title='bbox 1595 3869 1758 3956; x_wconf 84' lang='lat' dir='ltr'><strong>redargui</strong></span> <span class='ocrx_word' id='word_1_442' title='bbox 1781 3879 1941 3956; x_wconf 80' lang='lat' dir='ltr'><strong>possent,</strong></span> <span class='ocrx_word' id='word_1_443' title='bbox 1967 3889 2175 3958; x_wconf 82' lang='lat' dir='ltr'><strong>magnopere</strong></span> <span class='ocrx_word' id='word_1_444' title='bbox 2187 3889 2239 3956; x_wconf 83' lang='lat' dir='ltr'><strong>pc-</strong></span> 
     </span>
    </p>
   </div>
   <div class='ocr_carea' id='block_1_19' title="bbox 215 3963 2239 4214">
    <p class='ocr_par' dir='ltr' id='par_1_19' title="bbox 215 3963 2239 4214">
     <span class='ocr_line' id='line_1_42' title="bbox 215 3963 2239 4138; baseline -0.002 -59"><span class='ocrx_word' id='word_1_445' title='bbox 215 4020 363 4095; x_wconf 87' lang='lat' dir='ltr'><strong>nocent,</strong></span> <span class='ocrx_word' id='word_1_446' title='bbox 394 4023 550 4080; x_wconf 87' lang='lat' dir='ltr'><strong>vestrum</strong></span> <span class='ocrx_word' id='word_1_447' title='bbox 575 4013 745 4084; x_wconf 90' lang='lat' dir='ltr'><strong>iudiciuin</strong></span> <span class='ocrx_word' id='word_1_448' title='bbox 771 4019 971 4110; x_wconf 81' lang='lat' dir='ltr'><strong>exponatis,</strong></span> <span class='ocrx_word' id='word_1_449' title='bbox 1002 4036 1042 4092; x_wconf 92' lang='lat' dir='ltr'><strong>ut</strong></span> <span class='ocrx_word' id='word_1_450' title='bbox 1067 4021 1153 4094; x_wconf 91' lang='lat' dir='ltr'><strong>inde</strong></span> <span class='ocrx_word' id='word_1_451' title='bbox 1174 4025 1210 4093; x_wconf 91' lang='lat' dir='ltr'><strong>iii</strong></span> <span class='ocrx_word' id='word_1_452' title='bbox 1255 3969 1381 4138; x_wconf 59' lang='lat' dir='ltr'><strong>bbmus’</strong></span> <span class='ocrx_word' id='word_1_453' title='bbox 1407 3981 1446 4040; x_wconf 48' lang='grc' dir='ltr'><strong>οἱ</strong></span> <span class='ocrx_word' id='word_1_454' title='bbox 1469 3967 1558 4088; x_wconf 51' lang='grc' dir='ltr'><strong>3.νί</strong></span> <span class='ocrx_word' id='word_1_455' title='bbox 1574 3965 1621 4040; x_wconf 79' lang='lat' dir='ltr'><strong>R&#39;</strong></span> <span class='ocrx_word' id='word_1_456' title='bbox 1642 3967 1685 4038; x_wconf 75' lang='lat' dir='ltr'><strong>P&#39;</strong></span> <span class='ocrx_word' id='word_1_457' title='bbox 1710 3963 2239 4086; x_wconf 59' lang='lat' dir='ltr'><strong>c‘lmmvmla.d⁰.Adi³l&#39;h⁰‘¹⁸</strong></span> 
     </span>
     <span class='ocr_line' id='line_1_43' title="bbox 215 4069 2237 4214; baseline -0.015 -52"><span class='ocrx_word' id='word_1_458' title='bbox 215 4109 391 4206; x_wconf 58' lang='lat' dir='ltr'><strong>pmmnfi</strong></span> <span class='ocrx_word' id='word_1_459' title='bbox 413 4111 570 4202; x_wconf 54' lang='lat' dir='ltr'><strong>perpcuqo</strong></span> <span class='ocrx_word' id='word_1_460' title='bbox 586 4127 736 4185; x_wconf 52' lang='lat' dir='ltr'><strong>,lamere</strong></span> <span class='ocrx_word' id='word_1_461' title='bbox 752 4118 870 4203; x_wconf 49' lang='lat' dir='ltr'><strong>liceat,</strong></span> <span class='ocrx_word' id='word_1_462' title='bbox 897 4147 986 4214; x_wconf 61' lang='lat' dir='ltr'><strong>quae</strong></span> <span class='ocrx_word' id='word_1_463' title='bbox 1008 4124 1080 4194; x_wconf 59' lang='lat' dir='ltr'><strong>sint</strong></span> <span class='ocrx_word' id='word_1_464' title='bbox 1103 4127 1232 4196; x_wconf 47' lang='lat' dir='ltr'><strong>verbo!</strong></span> <span class='ocrx_word' id='word_1_465' title='bbox 1284 4085 1387 4140; x_wconf 90' lang='lat' dir='ltr'><strong>iserte</strong></span> <span class='ocrx_word' id='word_1_466' title='bbox 1413 4083 1447 4140; x_wconf 89' lang='lat' dir='ltr'><strong>et</strong></span> <span class='ocrx_word' id='word_1_467' title='bbox 1472 4071 1637 4140; x_wconf 89' lang='lat' dir='ltr'><strong>distincte</strong></span> <span class='ocrx_word' id='word_1_468' title='bbox 1660 4071 1870 4160; x_wconf 82' lang='lat' dir='ltr'><strong>explicetur,</strong></span> <span class='ocrx_word' id='word_1_469' title='bbox 1895 4071 1980 4160; x_wconf 90' lang='lat' dir='ltr'><strong>quid</strong></span> <span class='ocrx_word' id='word_1_470' title='bbox 1998 4081 2043 4138; x_wconf 90' lang='lat' dir='ltr'><strong>sit</strong></span> <span class='ocrx_word' id='word_1_471' title='bbox 2057 4069 2237 4139; x_wconf 86' lang='lat' dir='ltr'><strong>conceden-</strong></span> 
     </span>
    </p>
   </div>
   <div class='ocr_carea' id='block_1_20' title="bbox 214 4169 2238 4366">
    <p class='ocr_par' dir='ltr' id='par_1_20' title="bbox 214 4169 2238 4366">
     <span class='ocr_line' id='line_1_44' title="bbox 214 4169 2176 4304; baseline -0.004 -55"><span class='ocrx_word' id='word_1_472' title='bbox 214 4211 284 4287; x_wconf 63' lang='lat' dir='ltr'><strong>Dei</strong></span> <span class='ocrx_word' id='word_1_473' title='bbox 297 4225 332 4283; x_wconf 62' lang='lat' dir='ltr'><strong>et</strong></span> <span class='ocrx_word' id='word_1_474' title='bbox 347 4211 523 4284; x_wconf 49' lang='lat' dir='ltr'><strong>voluntati</strong></span> <span class='ocrx_word' id='word_1_475' title='bbox 539 4229 791 4304; x_wconf 28' lang='lat' dir='ltr'>cons-emm,</span> <span class='ocrx_word' id='word_1_476' title='bbox 816 4235 852 4292; x_wconf 50' lang='lat' dir='ltr'><strong>et</strong></span> <span class='ocrx_word' id='word_1_477' title='bbox 867 4219 1045 4294; x_wconf 48' lang='lat' dir='ltr'>Ecdeme</span> <span class='ocrx_word' id='word_1_478' title='bbox 1060 4228 1173 4303; x_wconf 46' lang='lat' dir='ltr'><strong>ulma·</strong></span> <span class='ocrx_word' id='word_1_479' title='bbox 1257 4173 1362 4256; x_wconf 90' lang='lat' dir='ltr'><strong>dum,</strong></span> <span class='ocrx_word' id='word_1_480' title='bbox 1388 4175 1474 4264; x_wconf 93' lang='lat' dir='ltr'><strong>quid</strong></span> <span class='ocrx_word' id='word_1_481' title='bbox 1490 4173 1674 4241; x_wconf 84' lang='lat' dir='ltr'><strong>serendum</strong></span> <span class='ocrx_word' id='word_1_482' title='bbox 1685 4169 1807 4290; x_wconf 68' lang='lat' dir='ltr'>’.qmd</span> <span class='ocrx_word' id='word_1_483' title='bbox 1823 4170 2066 4242; x_wconf 64' lang='lat' dir='ltr'><strong>reiiciendums</strong></span> <span class='ocrx_word' id='word_1_484' title='bbox 2168 4269 2176 4287; x_wconf 36' lang='grc' dir='ltr'>ι</span> 
     </span>
     <span class='ocr_line' id='line_1_45' title="bbox 216 4271 2238 4366; baseline -0.01 -11"><span class='ocrx_word' id='word_1_485' title='bbox 216 4311 221 4318; x_wconf 88' lang='grc'>·</span> <span class='ocrx_word' id='word_1_486' title='bbox 626 4299 647 4328; x_wconf 56' lang='lat'><strong>&#39;³</strong></span> <span class='ocrx_word' id='word_1_487' title='bbox 1357 4271 1537 4344; x_wconf 89' lang='lat' dir='ltr'><strong>Hactenus</strong></span> <span class='ocrx_word' id='word_1_488' title='bbox 1568 4295 1792 4366; x_wconf 74' lang='lat' dir='ltr'><strong>exposuimus</strong></span> <span class='ocrx_word' id='word_1_489' title='bbox 1833 4283 1989 4340; x_wconf 89' lang='lat' dir='ltr'><strong>nostram</strong></span> <span class='ocrx_word' id='word_1_490' title='bbox 2029 4283 2238 4350; x_wconf 89' lang='lat' dir='ltr'><strong>sententiam,</strong></span> 
     </span>
    </p>
   </div>
   <div class='ocr_carea' id='block_1_21' title="bbox 214 4359 2237 4570">
    <p class='ocr_par' dir='ltr' id='par_1_21' title="bbox 214 4359 2237 4570">
     <span class='ocr_line' id='line_1_46' title="bbox 316 4359 2237 4468; baseline 0.003 -35"><span class='ocrx_word' id='word_1_491' title='bbox 316 4359 516 4442; x_wconf 83' lang='lat' dir='ltr'><strong>Audimus,</strong></span> <span class='ocrx_word' id='word_1_492' title='bbox 542 4362 675 4434; x_wconf 90' lang='lat' dir='ltr'><strong>inultos</strong></span> <span class='ocrx_word' id='word_1_493' title='bbox 689 4387 782 4450; x_wconf 87' lang='lat' dir='ltr'><strong>esse,</strong></span> <span class='ocrx_word' id='word_1_494' title='bbox 806 4369 867 4459; x_wconf 92' lang='lat' dir='ltr'><strong>qui</strong></span> <span class='ocrx_word' id='word_1_495' title='bbox 882 4393 918 4438; x_wconf 85' lang='lat' dir='ltr'><strong>se</strong></span> <span class='ocrx_word' id='word_1_496' title='bbox 934 4374 1019 4442; x_wconf 90' lang='lat' dir='ltr'><strong>satis</strong></span> <span class='ocrx_word' id='word_1_497' title='bbox 1033 4392 1212 4449; x_wconf 84' lang='lat' dir='ltr'><strong>excusatos</strong></span> <span class='ocrx_word' id='word_1_498' title='bbox 1257 4373 1320 4468; x_wconf 94' lang='lat' dir='ltr'><strong>qui</strong></span> <span class='ocrx_word' id='word_1_499' title='bbox 1341 4375 1412 4444; x_wconf 91' lang='lat' dir='ltr'><strong>sint</strong></span> <span class='ocrx_word' id='word_1_500' title='bbox 1434 4376 1508 4456; x_wconf 78' lang='lat' dir='ltr'><strong>veri</strong></span> <span class='ocrx_word' id='word_1_501' title='bbox 1535 4376 1649 4444; x_wconf 89' lang='lat' dir='ltr'><strong>cultus</strong></span> <span class='ocrx_word' id='word_1_502' title='bbox 1663 4368 1750 4458; x_wconf 89' lang='lat' dir='ltr'><strong>Dei,</strong></span> <span class='ocrx_word' id='word_1_503' title='bbox 1776 4385 1811 4443; x_wconf 89' lang='lat' dir='ltr'><strong>et</strong></span> <span class='ocrx_word' id='word_1_504' title='bbox 1833 4395 1923 4466; x_wconf 89' lang='lat' dir='ltr'><strong>quae</strong></span> <span class='ocrx_word' id='word_1_505' title='bbox 1942 4374 2035 4439; x_wconf 88' lang='lat' dir='ltr'><strong>r&#39;ecte</strong></span> <span class='ocrx_word' id='word_1_506' title='bbox 2052 4365 2237 4442; x_wconf 83' lang='lat' dir='ltr'><strong>habeantur</strong></span> 
     </span>
     <span class='ocr_line' id='line_1_47' title="bbox 214 4459 2237 4570; baseline -0 -34"><span class='ocrx_word' id='word_1_507' title='bbox 214 4459 686 4555; x_wconf 58' lang='lat' dir='ltr'><strong>:pervenissentne</strong></span> <span class='ocrx_word' id='word_1_508' title='bbox 705 4470 799 4560; x_wconf 86' lang='lat' dir='ltr'><strong>quod</strong></span> <span class='ocrx_word' id='word_1_509' title='bbox 816 4468 855 4538; x_wconf 91' lang='lat' dir='ltr'><strong>in</strong></span> <span class='ocrx_word' id='word_1_510' title='bbox 870 4475 1072 4546; x_wconf 85' lang='lat' dir='ltr'><strong>necessitate</strong></span> <span class='ocrx_word' id='word_1_511' title='bbox 1088 4502 1106 4545; x_wconf 93' lang='lat' dir='ltr'><strong>e</strong></span> <span class='ocrx_word' id='word_1_512' title='bbox 1121 4481 1212 4548; x_wconf 89' lang='lat' dir='ltr'><strong>duo·</strong></span> <span class='ocrx_word' id='word_1_513' title='bbox 1258 4501 1320 4568; x_wconf 93' lang='lat' dir='ltr'><strong>pro</strong></span> <span class='ocrx_word' id='word_1_514' title='bbox 1339 4471 1573 4568; x_wconf 85' lang='lat' dir='ltr'><strong>Adiaphoris,</strong></span> <span class='ocrx_word' id='word_1_515' title='bbox 1598 4487 1631 4544; x_wconf 94' lang='lat' dir='ltr'><strong>et</strong></span> <span class='ocrx_word' id='word_1_516' title='bbox 1647 4487 1788 4570; x_wconf 79' lang='lat' dir='ltr'><strong>contra,</strong></span> <span class='ocrx_word' id='word_1_517' title='bbox 1814 4495 1903 4567; x_wconf 91' lang='lat' dir='ltr'><strong>quae</strong></span> <span class='ocrx_word' id='word_1_518' title='bbox 1918 4473 2006 4541; x_wconf 84' lang='lat' dir='ltr'><strong>falso</strong></span> <span class='ocrx_word' id='word_1_519' title='bbox 2022 4465 2091 4543; x_wconf 94' lang='lat' dir='ltr'><strong>hoc</strong></span> <span class='ocrx_word' id='word_1_520' title='bbox 2106 4472 2237 4542; x_wconf 91' lang='lat' dir='ltr'><strong>nomine</strong></span> 
     </span>
    </p>
   </div>
   <div class='ocr_carea' id='block_1_22' title="bbox 214 4563 2296 4870">
    <p class='ocr_par' dir='ltr' id='par_1_22' title="bbox 214 4563 2296 4870">
     <span class='ocr_line' id='line_1_48' title="bbox 214 4563 2296 4670; baseline 0.005 -34"><span class='ocrx_word' id='word_1_521' title='bbox 214 4565 284 4636; x_wconf 88' lang='lat' dir='ltr'><strong>hus</strong></span> <span class='ocrx_word' id='word_1_522' title='bbox 304 4563 407 4632; x_wconf 87' lang='lat' dir='ltr'><strong>malis</strong></span> <span class='ocrx_word' id='word_1_523' title='bbox 430 4563 551 4634; x_wconf 91' lang='lat' dir='ltr'><strong>minus</strong></span> <span class='ocrx_word' id='word_1_524' title='bbox 573 4567 722 4656; x_wconf 79' lang='lat' dir='ltr'><strong>eligant,</strong></span> <span class='ocrx_word' id='word_1_525' title='bbox 757 4589 791 4642; x_wconf 90' lang='lat' dir='ltr'><strong>et</strong></span> <span class='ocrx_word' id='word_1_526' title='bbox 811 4576 907 4666; x_wconf 88' lang='lat' dir='ltr'><strong>quod</strong></span> <span class='ocrx_word' id='word_1_527' title='bbox 931 4581 1156 4668; x_wconf 85' lang='lat' dir='ltr'><strong>tyrannidem</strong></span> <span class='ocrx_word' id='word_1_528' title='bbox 1179 4594 1212 4651; x_wconf 92' lang='lat' dir='ltr'><strong>et</strong></span> <span class='ocrx_word' id='word_1_529' title='bbox 1257 4593 1513 4650; x_wconf 89' lang='lat' dir='ltr'><strong>recenseantur.</strong></span> <span class='ocrx_word' id='word_1_530' title='bbox 1557 4575 1714 4644; x_wconf 90' lang='lat' dir='ltr'><strong>Nuncea</strong></span> <span class='ocrx_word' id='word_1_531' title='bbox 1734 4595 2006 4670; x_wconf 87' lang='lat' dir='ltr'><strong>prosequemur,</strong></span> <span class='ocrx_word' id='word_1_532' title='bbox 2032 4597 2121 4668; x_wconf 90' lang='lat' dir='ltr'><strong>quae</strong></span> <span class='ocrx_word' id='word_1_533' title='bbox 2136 4599 2153 4644; x_wconf 96' lang='lat' dir='ltr'><strong>a</strong></span> <span class='ocrx_word' id='word_1_534' title='bbox 2168 4571 2238 4666; x_wconf 91' lang='lat' dir='ltr'><strong>qui·</strong></span> <span class='ocrx_word' id='word_1_535' title='bbox 2295 4635 2296 4646; x_wconf 70' lang='grc'>,</span> 
     </span>
     <span class='ocr_line' id='line_1_49' title="bbox 214 4665 2296 4770; baseline 0.001 -35"><span class='ocrx_word' id='word_1_536' title='bbox 214 4665 422 4738; x_wconf 86' lang='lat' dir='ltr'><strong>servitutem</strong></span> <span class='ocrx_word' id='word_1_537' title='bbox 441 4665 533 4734; x_wconf 89' lang='lat' dir='ltr'><strong>serre</strong></span> <span class='ocrx_word' id='word_1_538' title='bbox 556 4691 629 4736; x_wconf 89' lang='lat' dir='ltr'><strong>non</strong></span> <span class='ocrx_word' id='word_1_539' title='bbox 650 4671 696 4740; x_wconf 92' lang='lat' dir='ltr'><strong>sit</strong></span> <span class='ocrx_word' id='word_1_540' title='bbox 725 4687 925 4760; x_wconf 89' lang='lat' dir='ltr'><strong>peccatum;</strong></span> <span class='ocrx_word' id='word_1_541' title='bbox 957 4680 1016 4745; x_wconf 91' lang='lat' dir='ltr'><strong>sed</strong></span> <span class='ocrx_word' id='word_1_542' title='bbox 1049 4682 1209 4750; x_wconf 90' lang='lat' dir='ltr'><strong>nonduin</strong></span> <span class='ocrx_word' id='word_1_543' title='bbox 1258 4679 1405 4748; x_wconf 91' lang='lat' dir='ltr'><strong>busdam</strong></span> <span class='ocrx_word' id='word_1_544' title='bbox 1439 4679 1531 4747; x_wconf 91' lang='lat' dir='ltr'><strong>inter</strong></span> <span class='ocrx_word' id='word_1_545' title='bbox 1566 4669 1771 4770; x_wconf 89' lang='lat' dir='ltr'><strong>Adiapliora</strong></span> <span class='ocrx_word' id='word_1_546' title='bbox 1799 4685 2050 4760; x_wconf 87' lang='lat' dir='ltr'><strong>numerantur,</strong></span> <span class='ocrx_word' id='word_1_547' title='bbox 2083 4687 2117 4745; x_wconf 91' lang='lat' dir='ltr'><strong>et</strong></span> <span class='ocrx_word' id='word_1_548' title='bbox 2142 4673 2236 4744; x_wconf 86' lang='lat' dir='ltr'><strong>variis</strong></span> <span class='ocrx_word' id='word_1_549' title='bbox 2295 4731 2296 4750; x_wconf 65' lang='lat'><strong>,</strong></span> 
     </span>
     <span class='ocr_line' id='line_1_50' title="bbox 217 4759 2296 4870; baseline 0.01 -47"><span class='ocrx_word' id='word_1_550' title='bbox 217 4766 402 4841; x_wconf 59' lang='lat' dir='ltr'><strong>definitum</strong></span> <span class='ocrx_word' id='word_1_551' title='bbox 426 4779 494 4851; x_wconf 76' lang='lat' dir='ltr'><strong>eet,</strong></span> <span class='ocrx_word' id='word_1_552' title='bbox 521 4779 641 4836; x_wconf 83' lang='lat' dir='ltr'><strong>utrum</strong></span> <span class='ocrx_word' id='word_1_553' title='bbox 663 4769 709 4840; x_wconf 79' lang='lat' dir='ltr'><strong>eit</strong></span> <span class='ocrx_word' id='word_1_554' title='bbox 732 4773 848 4862; x_wconf 71' lang='lat' dir='ltr'><strong>peius,</strong></span> <span class='ocrx_word' id='word_1_555' title='bbox 872 4772 1093 4850; x_wconf 63' lang='lat' dir='ltr'><strong>Ecclesiam</strong></span> <span class='ocrx_word' id='word_1_556' title='bbox 1112 4784 1211 4852; x_wconf 71' lang='lat' dir='ltr'><strong>dese..</strong></span> <span class='ocrx_word' id='word_1_557' title='bbox 1257 4779 1437 4850; x_wconf 93' lang='lat' dir='ltr'><strong>coloribus</strong></span> <span class='ocrx_word' id='word_1_558' title='bbox 1468 4793 1503 4848; x_wconf 89' lang='lat' dir='ltr'><strong>et</strong></span> <span class='ocrx_word' id='word_1_559' title='bbox 1523 4777 1699 4868; x_wconf 82' lang='lat' dir='ltr'><strong>allegoriis</strong></span> <span class='ocrx_word' id='word_1_560' title='bbox 1720 4778 1917 4870; x_wconf 84' lang='lat' dir='ltr'><strong>pinguntur</strong></span> <span class='ocrx_word' id='word_1_561' title='bbox 1937 4791 1971 4848; x_wconf 89' lang='lat' dir='ltr'><strong>et</strong></span> <span class='ocrx_word' id='word_1_562' title='bbox 1992 4789 2178 4859; x_wconf 88' lang='lat' dir='ltr'><strong>ornantur,</strong></span> <span class='ocrx_word' id='word_1_563' title='bbox 2202 4785 2235 4843; x_wconf 91' lang='lat' dir='ltr'><strong>ut</strong></span> <span class='ocrx_word' id='word_1_564' title='bbox 2295 4759 2296 4802; x_wconf 55' lang='lat' dir='ltr'><strong>l</strong></span> 
     </span>
    </p>
   </div>
   <div class='ocr_carea' id='block_1_23' title="bbox 185 4861 2233 5324">
    <p class='ocr_par' dir='ltr' id='par_1_23' title="bbox 185 4861 2233 5166">
     <span class='ocr_line' id='line_1_51' title="bbox 185 4861 2233 4974; baseline 0.001 -35"><span class='ocrx_word' id='word_1_565' title='bbox 185 4959 187 4964; x_wconf 65' lang='lat'><strong>,</strong></span> <span class='ocrx_word' id='word_1_566' title='bbox 216 4893 315 4955; x_wconf 89' lang='lat' dir='ltr'><strong>rere,</strong></span> <span class='ocrx_word' id='word_1_567' title='bbox 340 4889 387 4938; x_wconf 83' lang='lat' dir='ltr'><strong>sn</strong></span> <span class='ocrx_word' id='word_1_568' title='bbox 404 4861 692 4959; x_wconf 80' lang='lat' dir='ltr'><strong>Adiapbororuni</strong></span> <span class='ocrx_word' id='word_1_569' title='bbox 707 4876 811 4944; x_wconf 85' lang='lat' dir='ltr'><strong>noxia</strong></span> <span class='ocrx_word' id='word_1_570' title='bbox 825 4878 988 4968; x_wconf 73' lang='lat' dir='ltr'><strong>figinenia</strong></span> <span class='ocrx_word' id='word_1_571' title='bbox 1004 4884 1211 4974; x_wconf 87' lang='lat' dir='ltr'><strong>approbare,</strong></span> <span class='ocrx_word' id='word_1_572' title='bbox 1256 4871 1410 4974; x_wconf 86' lang='lat' dir='ltr'><strong>aliquam</strong></span> <span class='ocrx_word' id='word_1_573' title='bbox 1427 4876 1591 4951; x_wconf 87' lang='lat' dir='ltr'><strong>utilitatis</strong></span> <span class='ocrx_word' id='word_1_574' title='bbox 1606 4878 1756 4970; x_wconf 89' lang='lat' dir='ltr'><strong>speciem</strong></span> <span class='ocrx_word' id='word_1_575' title='bbox 1773 4875 1904 4948; x_wconf 90' lang='lat' dir='ltr'><strong>habere</strong></span> <span class='ocrx_word' id='word_1_576' title='bbox 1919 4874 2117 4954; x_wconf 89' lang='lat' dir='ltr'><strong>videantur.</strong></span> <span class='ocrx_word' id='word_1_577' title='bbox 2148 4875 2233 4946; x_wconf 83' lang='lat' dir='ltr'><strong>Haec</strong></span> 
     </span>
     <span class='ocr_line' id='line_1_52' title="bbox 218 4969 2233 5070; baseline 0.001 -30"><span class='ocrx_word' id='word_1_578' title='bbox 218 4981 254 5041; x_wconf 89' lang='lat' dir='ltr'><strong>et</strong></span> <span class='ocrx_word' id='word_1_579' title='bbox 282 4969 420 5042; x_wconf 85' lang='lat' dir='ltr'><strong>sublata</strong></span> <span class='ocrx_word' id='word_1_580' title='bbox 453 4971 619 5040; x_wconf 86' lang='lat' dir='ltr'><strong>scandala</strong></span> <span class='ocrx_word' id='word_1_581' title='bbox 646 4996 769 5044; x_wconf 90' lang='lat' dir='ltr'><strong>rursus</strong></span> <span class='ocrx_word' id='word_1_582' title='bbox 794 4979 927 5068; x_wconf 86' lang='lat' dir='ltr'><strong>erigere</strong></span> <span class='ocrx_word' id='word_1_583' title='bbox 953 4995 989 5053; x_wconf 90' lang='lat' dir='ltr'><strong>et</strong></span> <span class='ocrx_word' id='word_1_584' title='bbox 1012 4985 1210 5060; x_wconf 87' lang='lat' dir='ltr'><strong>observare.</strong></span> <span class='ocrx_word' id='word_1_585' title='bbox 1255 4995 1389 5070; x_wconf 89' lang='lat' dir='ltr'><strong>autem,</strong></span> <span class='ocrx_word' id='word_1_586' title='bbox 1413 5005 1493 5053; x_wconf 91' lang='lat' dir='ltr'><strong>cum</strong></span> <span class='ocrx_word' id='word_1_587' title='bbox 1510 4981 1683 5052; x_wconf 88' lang='lat' dir='ltr'><strong>eiusmodi</strong></span> <span class='ocrx_word' id='word_1_588' title='bbox 1699 4981 1791 5067; x_wconf 89' lang='lat' dir='ltr'><strong>sint,</strong></span> <span class='ocrx_word' id='word_1_589' title='bbox 1815 4993 1856 5052; x_wconf 90' lang='lat' dir='ltr'><strong>ut</strong></span> <span class='ocrx_word' id='word_1_590' title='bbox 1878 4981 2067 5051; x_wconf 89' lang='lat' dir='ltr'><strong>damnetur</strong></span> <span class='ocrx_word' id='word_1_591' title='bbox 2089 4977 2233 5052; x_wconf 91' lang='lat' dir='ltr'><strong>doctrina</strong></span> 
     </span>
     <span class='ocr_line' id='line_1_53' title="bbox 215 5068 1262 5166; baseline 0.018 -26"><span class='ocrx_word' id='word_1_592' title='bbox 215 5068 320 5159; x_wconf 81' lang='lat' dir='ltr'><strong>Quae</strong></span> <span class='ocrx_word' id='word_1_593' title='bbox 335 5074 378 5142; x_wconf 79' lang='lat' dir='ltr'><strong>de</strong></span> <span class='ocrx_word' id='word_1_594' title='bbox 393 5072 560 5143; x_wconf 82' lang='lat' dir='ltr'><strong>servitute</strong></span> <span class='ocrx_word' id='word_1_595' title='bbox 577 5071 722 5143; x_wconf 82' lang='lat' dir='ltr'><strong>ferenda</strong></span> <span class='ocrx_word' id='word_1_596' title='bbox 737 5076 921 5166; x_wconf 90' lang='lat' dir='ltr'><strong>dicuntur,</strong></span> <span class='ocrx_word' id='word_1_597' title='bbox 938 5085 968 5150; x_wconf 91' lang='lat' dir='ltr'><strong>si</strong></span> <span class='ocrx_word' id='word_1_598' title='bbox 985 5085 1138 5158; x_wconf 91' lang='lat' dir='ltr'><strong>civiliter</strong></span> <span class='ocrx_word' id='word_1_599' title='bbox 1151 5113 1211 5158; x_wconf 87' lang='lat' dir='ltr'><strong>ac·</strong></span> <span class='ocrx_word' id='word_1_600' title='bbox 1255 5089 1262 5097; x_wconf 83' lang='lat'>&#39;</span> 
     </span>
    </p>

    <p class='ocr_par' dir='ltr' id='par_1_24' title="bbox 218 5171 1917 5324">
     <span class='ocr_line' id='line_1_54' title="bbox 218 5171 1917 5324; baseline 0.01 -80"><span class='ocrx_word' id='word_1_601' title='bbox 218 5171 420 5262; x_wconf 84' lang='lat' dir='ltr'><strong>ciperentu&#39;r</strong></span> <span class='ocrx_word' id='word_1_602' title='bbox 453 5197 535 5244; x_wconf 89' lang='lat' dir='ltr'><strong>vera</strong></span> <span class='ocrx_word' id='word_1_603' title='bbox 568 5197 643 5244; x_wconf 88' lang='lat' dir='ltr'><strong>esse</strong></span> <span class='ocrx_word' id='word_1_604' title='bbox 667 5191 826 5268; x_wconf 87' lang='lat' dir='ltr'><strong>possent,</strong></span> <span class='ocrx_word' id='word_1_605' title='bbox 858 5185 920 5252; x_wconf 88' lang='lat' dir='ltr'><strong>sed</strong></span> <span class='ocrx_word' id='word_1_606' title='bbox 939 5186 1147 5260; x_wconf 82' lang='lat' dir='ltr'><strong>servitutem</strong></span> <span class='ocrx_word' id='word_1_607' title='bbox 1171 5190 1210 5258; x_wconf 92' lang='lat' dir='ltr'><strong>in</strong></span> <span class='ocrx_word' id='word_1_608' title='bbox 1287 5247 1317 5318; x_wconf 50' lang='grc' dir='ltr'><strong>Β)</strong></span> <span class='ocrx_word' id='word_1_609' title='bbox 1336 5248 1412 5303; x_wconf 53' lang='lat' dir='ltr'><strong>Tm</strong></span> <span class='ocrx_word' id='word_1_610' title='bbox 1430 5253 1512 5320; x_wconf 76' lang='lat' dir='ltr'><strong>qum,</strong></span> <span class='ocrx_word' id='word_1_611' title='bbox 1529 5269 1583 5324; x_wconf 80' lang='lat' dir='ltr'><strong>quo</strong></span> <span class='ocrx_word' id='word_1_612' title='bbox 1585 5249 1602 5303; x_wconf 62' lang='lat' dir='ltr'>d</span> <span class='ocrx_word' id='word_1_613' title='bbox 1620 5267 1682 5304; x_wconf 78' lang='lat' dir='ltr'><strong>men</strong></span> <span class='ocrx_word' id='word_1_614' title='bbox 1685 5247 1781 5301; x_wconf 68' lang='lat' dir='ltr'><strong>rosum</strong></span> <span class='ocrx_word' id='word_1_615' title='bbox 1801 5244 1825 5297; x_wconf 53' lang='grc' dir='ltr'><strong>,ἰ</strong></span> <span class='ocrx_word' id='word_1_616' title='bbox 1827 5245 1917 5302; x_wconf 52' lang='lat' dir='ltr'><strong>dem</strong></span> 
     </span>
    </p>
   </div>
   <div class='ocr_carea' id='block_1_24' title="bbox 176 5273 2106 5487">
    <p class='ocr_par' dir='ltr' id='par_1_25' title="bbox 176 5273 2106 5487">
     <span class='ocr_line' id='line_1_55' title="bbox 176 5273 2106 5403; baseline 0.018 -60"><span class='ocrx_word' id='word_1_617' title='bbox 176 5381 178 5384; x_wconf 16' lang='grc' dir='ltr'>Ι</span> <span class='ocrx_word' id='word_1_618' title='bbox 216 5273 350 5391; x_wconf 63' lang='lat' dir='ltr'><strong>lmll³⁵ss</strong></span> <span class='ocrx_word' id='word_1_619' title='bbox 369 5274 474 5390; x_wconf 73' lang='lat' dir='ltr'><strong>rebus</strong></span> <span class='ocrx_word' id='word_1_620' title='bbox 503 5289 539 5344; x_wconf 91' lang='lat' dir='ltr'><strong>et</strong></span> <span class='ocrx_word' id='word_1_621' title='bbox 568 5277 725 5349; x_wconf 87' lang='lat' dir='ltr'><strong>confictis</strong></span> <span class='ocrx_word' id='word_1_622' title='bbox 749 5278 968 5374; x_wconf 87' lang='lat' dir='ltr'><strong>Adiapboris</strong></span> <span class='ocrx_word' id='word_1_623' title='bbox 991 5286 1032 5355; x_wconf 83' lang='lat' dir='ltr'><strong>in</strong></span> <span class='ocrx_word' id='word_1_624' title='bbox 1051 5285 1207 5362; x_wconf 87' lang='lat' dir='ltr'><strong>Ecclesia</strong></span> <span class='ocrx_word' id='word_1_625' title='bbox 1260 5331 1316 5400; x_wconf 50' lang='lat'><strong>4)</strong></span> <span class='ocrx_word' id='word_1_626' title='bbox 1333 5324 1409 5387; x_wconf 47' lang='lat' dir='ltr'><strong>„qud</strong></span> <span class='ocrx_word' id='word_1_627' title='bbox 1425 5331 1730 5403; x_wconf 70' lang='lat' dir='ltr'><strong>subtemendoseprm</strong></span> <span class='ocrx_word' id='word_1_628' title='bbox 1750 5329 1869 5397; x_wconf 71' lang='lat' dir='ltr'><strong>quisse</strong></span> <span class='ocrx_word' id='word_1_629' title='bbox 1890 5357 1919 5370; x_wconf 88' lang='lat'><strong>..</strong></span> <span class='ocrx_word' id='word_1_630' title='bbox 1939 5327 2106 5386; x_wconf 60' lang='lat' dir='ltr'><strong>mnam.</strong></span> 
     </span>
     <span class='ocr_line' id='line_1_56' title="bbox 216 5371 1844 5487; baseline 0.017 -44"><span class='ocrx_word' id='word_1_631' title='bbox 216 5371 351 5446; x_wconf 86' lang='lat' dir='ltr'><strong>Christi</strong></span> <span class='ocrx_word' id='word_1_632' title='bbox 368 5376 619 5446; x_wconf 85' lang='lat' dir='ltr'><strong>admittendam</strong></span> <span class='ocrx_word' id='word_1_633' title='bbox 643 5394 676 5449; x_wconf 86' lang='lat' dir='ltr'><strong>et</strong></span> <span class='ocrx_word' id='word_1_634' title='bbox 692 5383 873 5455; x_wconf 85' lang='lat' dir='ltr'><strong>serendam</strong></span> <span class='ocrx_word' id='word_1_635' title='bbox 895 5409 973 5456; x_wconf 86' lang='lat' dir='ltr'><strong>esse</strong></span> <span class='ocrx_word' id='word_1_636' title='bbox 989 5411 1062 5460; x_wconf 93' lang='lat' dir='ltr'><strong>non</strong></span> <span class='ocrx_word' id='word_1_637' title='bbox 1082 5405 1132 5462; x_wconf 86' lang='lat' dir='ltr'><strong>est</strong></span> <span class='ocrx_word' id='word_1_638' title='bbox 1148 5417 1210 5462; x_wconf 83' lang='lat' dir='ltr'><strong>ve·</strong></span> <span class='ocrx_word' id='word_1_639' title='bbox 1287 5391 1512 5487; x_wconf 56' lang='lat' dir='ltr'><strong>spontaneas</strong></span> <span class='ocrx_word' id='word_1_640' title='bbox 1528 5422 1625 5486; x_wconf 67' lang='lat' dir='ltr'><strong>iugum</strong></span> <span class='ocrx_word' id='word_1_641' title='bbox 1642 5416 1684 5472; x_wconf 76' lang='lat' dir='ltr'><strong>iet</strong></span> <span class='ocrx_word' id='word_1_642' title='bbox 1700 5411 1798 5469; x_wconf 72' lang='lat' dir='ltr'><strong>nnita</strong></span> <span class='ocrx_word' id='word_1_643' title='bbox 1839 5425 1844 5437; x_wconf 93' lang='lat'><strong>·</strong></span> 
     </span>
    </p>
   </div>
   <div class='ocr_carea' id='block_1_25' title="bbox 1257 3455 2297 3652">
    <p class='ocr_par' dir='ltr' id='par_1_26' title="bbox 1257 3455 2297 3652">
     <span class='ocr_line' id='line_1_57' title="bbox 1257 3455 2297 3554; baseline 0.001 -25"><span class='ocrx_word' id='word_1_644' title='bbox 1257 3485 1302 3530; x_wconf 91' lang='lat' dir='ltr'><strong>na</strong></span> <span class='ocrx_word' id='word_1_645' title='bbox 1319 3465 1362 3530; x_wconf 92' lang='lat' dir='ltr'><strong>de</strong></span> <span class='ocrx_word' id='word_1_646' title='bbox 1379 3457 1597 3554; x_wconf 86' lang='lat' dir='ltr'><strong>Adiaphoris</strong></span> <span class='ocrx_word' id='word_1_647' title='bbox 1612 3475 1713 3534; x_wconf 84' lang='lat' dir='ltr'><strong>extet.</strong></span> <span class='ocrx_word' id='word_1_648' title='bbox 1756 3459 1956 3530; x_wconf 86' lang='lat' dir='ltr'><strong>Periculosa</strong></span> <span class='ocrx_word' id='word_1_649' title='bbox 1971 3474 2055 3532; x_wconf 87' lang='lat' dir='ltr'><strong>suut</strong></span> <span class='ocrx_word' id='word_1_650' title='bbox 2072 3461 2241 3535; x_wconf 87' lang='lat' dir='ltr'><strong>conscien-</strong></span> <span class='ocrx_word' id='word_1_651' title='bbox 2296 3455 2297 3532; x_wconf 60' lang='grc' dir='ltr'>ζ</span> 
     </span>
     <span class='ocr_line' id='line_1_58' title="bbox 1258 3557 2297 3652; baseline -0.002 -21"><span class='ocrx_word' id='word_1_652' title='bbox 1258 3565 1386 3632; x_wconf 90' lang='lat' dir='ltr'><strong>tiariim</strong></span> <span class='ocrx_word' id='word_1_653' title='bbox 1410 3565 1569 3636; x_wconf 84' lang='lat' dir='ltr'><strong>vulnera.</strong></span> <span class='ocrx_word' id='word_1_654' title='bbox 1617 3561 1672 3634; x_wconf 87' lang='lat' dir='ltr'><strong>Ne</strong></span> <span class='ocrx_word' id='word_1_655' title='bbox 1693 3557 1853 3652; x_wconf 82' lang='lat' dir='ltr'><strong>ergoliic</strong></span> <span class='ocrx_word' id='word_1_656' title='bbox 1874 3559 2106 3634; x_wconf 87' lang='lat' dir='ltr'><strong>conscientias</strong></span> <span class='ocrx_word' id='word_1_657' title='bbox 2130 3563 2240 3632; x_wconf 87' lang='lat' dir='ltr'><strong>vulne·</strong></span> <span class='ocrx_word' id='word_1_658' title='bbox 2296 3579 2297 3614; x_wconf 43' lang='grc' dir='ltr'><strong>ὲ</strong></span> 
     </span>
    </p>
   </div>
   <div class='ocr_carea' id='block_1_26' title="bbox 1264 2346 2298 2426">
    <p class='ocr_par' dir='ltr' id='par_1_27' title="bbox 1264 2346 2298 2426">
     <span class='ocr_line' id='line_1_59' title="bbox 1264 2346 2298 2426; baseline -0.001 -11"><span class='ocrx_word' id='word_1_659' title='bbox 1264 2347 1420 2416; x_wconf 89' lang='lat' dir='ltr'><strong>storibus</strong></span> <span class='ocrx_word' id='word_1_660' title='bbox 1434 2347 1545 2418; x_wconf 90' lang='lat' dir='ltr'><strong>tutius</strong></span> <span class='ocrx_word' id='word_1_661' title='bbox 1560 2369 1632 2416; x_wconf 85' lang='lat' dir='ltr'><strong>esse</strong></span> <span class='ocrx_word' id='word_1_662' title='bbox 1650 2346 1808 2426; x_wconf 82' lang='lat' dir='ltr'><strong>videtur,</strong></span> <span class='ocrx_word' id='word_1_663' title='bbox 1837 2347 1883 2414; x_wconf 89' lang='lat' dir='ltr'><strong>de</strong></span> <span class='ocrx_word' id='word_1_664' title='bbox 1895 2366 1960 2414; x_wconf 90' lang='lat' dir='ltr'><strong>suo</strong></span> <span class='ocrx_word' id='word_1_665' title='bbox 1975 2369 2123 2418; x_wconf 85' lang='lat' dir='ltr'><strong>munere</strong></span> <span class='ocrx_word' id='word_1_666' title='bbox 2138 2349 2248 2416; x_wconf 87' lang='lat' dir='ltr'><strong>cedere</strong></span> <span class='ocrx_word' id='word_1_667' title='bbox 2297 2407 2298 2414; x_wconf 74' lang='grc'>,</span> 
     </span>
    </p>
   </div>
   <div class='ocr_carea' id='block_1_27' title="bbox 1263 2444 2298 2634">
    <p class='ocr_par' dir='ltr' id='par_1_28' title="bbox 1263 2444 2298 2634">
     <span class='ocr_line' id='line_1_60' title="bbox 1263 2444 2298 2572; baseline -0.001 -57"><span class='ocrx_word' id='word_1_668' title='bbox 1263 2461 1297 2518; x_wconf 92' lang='lat' dir='ltr'><strong>et</strong></span> <span class='ocrx_word' id='word_1_669' title='bbox 1312 2444 1488 2518; x_wconf 82' lang='lat' dir='ltr'><strong>Ecclesiae</strong></span> <span class='ocrx_word' id='word_1_670' title='bbox 1503 2448 1720 2540; x_wconf 88' lang='lat' dir='ltr'><strong>relinquere,</strong></span> <span class='ocrx_word' id='word_1_671' title='bbox 1746 2469 1851 2540; x_wconf 87' lang='lat' dir='ltr'><strong>quain</strong></span> <span class='ocrx_word' id='word_1_672' title='bbox 1867 2470 1906 2516; x_wconf 84' lang='lat' dir='ltr'><strong>sc</strong></span> <span class='ocrx_word' id='word_1_673' title='bbox 1925 2446 2087 2536; x_wconf 74' lang='lat' dir='ltr'><strong>polluere</strong></span> <span class='ocrx_word' id='word_1_674' title='bbox 2107 2445 2246 2540; x_wconf 78' lang='lat' dir='ltr'><strong>Papisii-</strong></span> <span class='ocrx_word' id='word_1_675' title='bbox 2297 2503 2298 2572; x_wconf 58' lang='lat' dir='ltr'><strong>t</strong></span> 
     </span>
     <span class='ocr_line' id='line_1_61' title="bbox 2297 2579 2298 2634; baseline 0 0"><span class='ocrx_word' id='word_1_676' title='bbox 2297 2579 2298 2634; x_wconf 83' lang='lat' dir='ltr'><strong>l</strong></span> 
     </span>
    </p>
   </div>
   <div class='ocr_carea' id='block_1_28' title="bbox 0 0 2312 5812">
    <p class='ocr_par' dir='ltr' id='par_1_29' title="bbox 0 0 2312 5812">
     <span class='ocr_line' id='line_1_62' title="bbox 0 0 2312 5812; baseline 0 6"><span class='ocrx_word' id='word_1_677' title='bbox 0 0 2312 5812; x_wconf 95' lang='lat' dir='ltr'><strong> </strong></span> 
     </span>
    </p>
   </div>
  </div>
 </body>
</html>
