4616 5812
599 243 1029 328 urtsrousnuu

788 449 796 458 ·
860 423 1018 498 eotttm.

320 629 388 716 M.
410 625 751 754 Meicndu'rgio.

146 799 227 875 epa
245 800 294 860 us
308 801 343 860 v.
360 818 387 874 μ
400 799 506 875 ειυς.

99 986 230 1066 Misit.
248 987 307 1070 M
311 940 560 1087 eieoburgi
566 1014 605 1078 o,
639 987 785 1064 consuli
799 985 982 1068 Nostius.

68 247 130 323 lli

65 415 118 488 No.
134 411 240 492 4641.
272 451 276 458 ’

64 515 241 548 m

57 1139 95 1226 S.
115 1155 155 1228 D.
210 1155 467 1230 Honestissime
494 1157 572 1244 vir,
611 1169 645 1227 et
678 1157 789 1229 amice
815 1151 1029 1228 charissime.

57 1254 145 1329 Hunc
163 1259 280 1330 virum
303 1259 516 1352 Magistrum
533 1251 736 1354 Georgium
758 1253 902 1330 Ecltart
922 1253 1028 1329 Din-

57 1353 358 1432 cieisbiiheleasem
382 1362 484 1434 mitto
506 1363 657 1446 advos,
683 1374 742 1448 ut,
765 1385 845 1432 cum
864 1385 946 1432 eum
964 1383 1027 1432 au-

13 1533 14 1542 ,
57 1461 188 1546 dicritis,
212 1463 436 1550 deliberetis,
460 1487 506 1534 an
521 1461 759 1534 ministerium
772 1455 1025 1554 Evangelicum

13 1557 15 1570 '
56 1561 363 1635 cicommendaturi
378 1561 465 1636 sitis.
517 1563 646 1648 Totam
662 1563 756 1634 enim
777 1559 869 1635 hanc
891 1563 1028 1635 delibe-

56 1663 206 1736 rationem
219 1666 395 1758 intcgram
414 1666 516 1736 vobis
529 1665 707 1760 relinquo.
741 1663 898 1736 Tantum
916 1665 1027 1754 signi-

55 1764 106 1832 fico
120 1767 230 1836 meum
247 1769 292 1837 de
309 1769 386 1858 ipso
403 1767 587 1839 iudicium.
620 1764 835 1837 Eruditione
852 1779 885 1838 ct
902 1768 1026 1838 facun-

55 1865 100 1934 dia
114 1890 181 1937 non
197 1869 394 1958 vulgariter
407 1868 600 1940 instructus
613 1881 679 1939 est:
701 1879 736 1939 et
752 1891 874 1944 mores,
885 1863 1024 1941 honesti

56 1979 138 2054 suut,
160 1983 193 2039 et
212 1983 256 2040 ut
272 1965 363 2040 mihi
383 1969 541 2056 videtur,
567 1992 690 2040 sensus
703 1963 892 2040 hominum
907 1971 1023 2042 consi-

13 2057 14 2060 '
55 2068 147 2140 derat:
171 2081 205 2140 et
218 2094 296 2140 non
309 2083 359 2142 est
372 2069 451 2188 einp
464 2071 639 2153 consilio,¹
660 2065 739 2140 Oro
755 2083 872 2142 autern
887 2067 1023 2142 Filium

54 2161 121 2253 Dei,
143 2173 322 2242 sedentem
336 2173 381 2242 ad
397 2173 555 2243 doitram
570 2173 704 2242 aeterni
719 2170 852 2258 Patris,
879 2183 915 2243 et
930 2173 1023 2244 dona

55 2269 173 2341 dantem
200 2268 431 2359 homiuibus,
463 2273 628 2344 videlicet
657 2273 827 2345 salutares
852 2271 1024 2358 Pastores,

55 2384 81 2440 et
95 2372 154 2441 alia
174 2373 296 2446 omnia
312 2375 507 2446 necessaria
522 2371 720 2460 Ecclesiae,
747 2388 787 2446 ut
805 2386 937 2445 vestras
951 2369 1023 2446 Ec-

55 2471 153 2542 clesiae
174 2475 282 2548 etiam
305 2471 421 2548 s'ervet
442 2489 479 2548 et
501 2486 613 2567 regat:
643 2489 758 2548 servet
778 2475 887 2548 etiam
908 2497 974 2547 vos
990 2489 1024 2546 et

55 2585 181 2644 vestram
202 2578 433 2664 domesticam
455 2573 650 2649 Ecclesiam
674 2576 901 2654 incolumem.
953 2574 1025 2648 lter

54 2687 208 2763 nostrum,
232 2677 311 2752 Deo
328 2679 491 2760 iuvante,
516 2679 618 2749 brevi
634 2677 877 2772 suscipiemus.
926 2673 1024 2750 Bene
1060 2697 1063 2706 ·

55 2785 78 2843 et
89 2775 169 2856 ielic.
182 2781 311 2858 valete.
361 2779 430 2856 Die
441 2781 503 2855 29.
517 2778 621 2854 Maii.

541 2876 730 2974 Philippus
746 2873 974 2954 Melanthon.

826 3297 893 3380 (α.
907 3295 1011 3384 nasa.)

846 3389 1010 3422 Μ

178 3491 490 3608 metoparum
513 3491 613 3618 Vite·
627 3475 868 3580 necent

102 3659 170 3732 ee.
187 3665 336 3740 spemn.
354 3665 384 3720 a
402 3631 468 3725 ese.
480 3665 582 3720 nessa.
601 3663 725 3720 zeum
744 3681 772 3750 p.
785 3666 832 3721 ao.
843 3665 931 3728 aem.
946 3686 962 3724 a
978 3667 1022 3725 ot.
1041 3685 1045 3736 ι

131 3731 306 3805 Gersdorfio.
340 3733 421 3790 Aliud
434 3733 610 3807 apographon
624 3733 737 3790 babetur
750 3753 780 3792 to
791 3736 855 3794 cod.
867 3737 1021 3796 Menneu.

128 3817 153 3874 p.
167 3803 225 3860 ut.
244 3802 321 3876 quod
334 3803 416 3860 etism
427 3801 541 3861 contuli.

227 3967 484 4078 Epitaphium
513 3971 601 4053 Viti
622 3971 823 4053 Theodori.

1080 233 1281 320 matt
1333 239 1465 326 toto.
2011 255 2088 334 414

1188 411 1349 492 Debetur
1365 435 1399 494 et
1415 416 1500 496 haec
1516 425 1661 508 lausei,
1688 427 1785 522 quod
1798 429 1849 501 ab
1865 451 1907 500 eo
1922 423 1951 528 ¹)
1971 429 2083 502 multa

1086 505 1251 590 Lutheri
1262 523 1390 615 scripta
1408 541 1544 600 servata
1560 541 1593 600 et
1611 529 1706 626 edita
1721 543 1815 614 sunt,
1841 553 1932 627 quae
1946 531 2083 628 alioqui

1086 617 1235 694 inissent
1251 623 1453 700 interitura.

1183 735 1271 812 Fuit
1289 757 1403 816 caetus
1419 744 1579 820 maritus.

1185 855 1348 930 Moriens
1382 887 1448 954 pro
1473 863 1594 954 patria
1620 865 1781 938 ardentia
1807 883 1889 942 vota
1914 873 2014 960 lecit,
2045 885 2081 944 et
2200 859 2204 868 ¹

1082 976 1183 1026 suam
1204 961 1359 1031 animam
1380 977 1486 1056 gnato
1504 959 1533 1058 ²)
1557 964 1616 1035 dei
1639 973 1911 1047 commendavit.

1186 1074 1355 1148 Mortuus
1378 1093 1430 1151 est
1450 1081 1514 1150 illo
1532 1081 1609 1174 ipso
1627 1075 1703 1173 oie',
1729 1091 1800 1184 quo
1815 1087 1979 1160 filiusdei
1992 1091 2079 1164 etin

1080 1173 1223 1266 virgine
1237 1177 1354 1251 Maria
1376 1195 1567 1274 conceptus
1589 1197 1659 1271 est,
1686 1201 1721 1258 et
1742 1215 1813 1283 quo
1835 1191 1894 1261 die
1916 1191 1955 1261 in
1976 1215 2079 1263 cruce

1079 1279 1258 1371 pependit,
1277 1293 1312 1354 et
1327 1306 1397 1377 quo
1415 1285 1473 1356 die
1489 1281 1606 1356 Adam
1623 1289 1787 1363 conditus
1801 1287 2078 1470 esthinililw'

1080 1599 2071 1636 mmmm...

1077 1749 1145 1825 No.
1170 1749 1285 1827 4545.

1082 1845 1295 1889 Μ

1318 1935 1517 2028 Aibcrto
1537 1943 1663 2030 Daoi
1678 1943 1834 2034 Preces.

1144 2091 1182 2148 Ee
1196 2097 1363 2172 autographo
1379 2100 1450 2156 edita
1465 2102 1495 2158 in
1507 2056 1588 2161 Eabri
1602 2107 1679 2180 epist.
1696 2125 1726 2178 p.
1738 2109 1799 2170 tut.
1819 2131 1864 2187 ep.
1877 2111 1922 2169 te.

1942 1785 1975 1848 6.
1993 1772 2062 1840 lun.

1929 1867 2071 1896 Μ

1281 2267 1495 2368 Aiberto,
1526 2275 1633 2354 Duci
1655 2279 1863 2359 Borussioe

1075 2403 1124 2495 S.
1149 2413 1194 2490 D.
1247 2415 1488 2495 Illustrissime
1522 2441 1558 2499 et

1593 2429 1863 2518 clementissime
1888 2433 2072 2532 Princeps,

1075 2517 1161 2589 Vidi
1194 2514 1252 2589 his

1279 2523 1405 2596 diebus
1429 2527 1547 2600 literas
1568 2535 1768 2623 pontificiae
1795 2538 2070 2631 dispensationis

1075 2645 1181 2717 quarn
1200 2619 1297 2716 Papa
1315 2623 1354 2696 in
1371 2623 1601 2702 Germaniam
1623 2636 1732 2708 mittit
1747 2631 1804 2735 *)‚
1830 2643 1875 2713 de
1891 2639 2069 2735 Coniugio

1074 2721 1307 2794 sacerdotum.
1371 2724 1530 2801 Tantum
1553 2733 1603 2802 sic
1626 2735 1805 2830 dispensat
1826 2755 1868 2814 ut
1891 2743 2070 2816 retineant

1076 2824 1254 2914 coniuges,
1279 2827 1338 2894 sed
1352 2847 1602 2904 removeantur
1617 2859 1636 2906 a
1652 2840 1861 2914 ministerio.
1912 2841 1966 2916 lta
1978 2843 2069 2917 Cae-

1075 2926 1162 2996 saris
1183 2927 1443 2999 concessionem
1457 2931 1553 3026 Papa
1571 2936 1645 3028 ipse
1664 2943 1799 3012 evertit.
1849 2941 1898 3014 Et
1913 2960 2014 3020 erant
2027 2947 2068 3016 in

1075 3029 1198 3120 eodem
1223 3027 1354 3120 scripto
1377 3032 1446 3103 alia
1467 3038 1578 3107 multa
1603 3039 1710 3134 impie
1732 3057 1768 3116 et
1784 3043 1949 3116 atrociter
1964 3072 2068 3118 man-

1075 3129 1169 3198 data.
1222 3125 1327 3200 Nunc
1351 3133 1395 3201 de
1421 3136 1573 3225 puhlicis
1596 3141 1751 3230 negociis
1774 3139 1868 3214 nihil
1883 3139 1993 3218 habui
2009 3173 2067 3220 re·

1074 3231 1221 3304 centius.
1280 3230 1352 3304 Sed
1377 3235 1421 3304 de
1443 3239 1570 3308 studiis
1591 3243 1724 3314 subditi
1746 3243 1839 3319 Cels.
1854 3273 1888 3322 v.
1904 3245 2071 3340 Magistri

1074 3323 1266 3402 Matthiae
1287 3327 1388 3404 Stoii
1402 3329 1462 3432 ”)
1488 3341 1563 3412 nati
1586 3342 1625 3412 in
1651 3345 1740 3416 urhe
1759 3345 1849 3420 Cels.
1874 3375 1908 3424 v.
1932 3347 2068 3442 Regio·

1075 3444 1194 3503 moute
1215 3446 1255 3504 ut
1272 3437 1317 3505 ad
1333 3435 1425 3512 Cels.
1444 3465 1476 3515 v.
1497 3442 1649 3513 scribam
1665 3471 1812 3520 moveor
1827 3463 1861 3521 et
1875 3449 2010 3542 ingenii
2027 3455 2065 3525 in

1073 3533 1150 3624 ipso
1175 3539 1388 3628 praestantia
1411 3552 1445 3612 et
1465 3543 1670 3615 valetudine
1687 3548 1773 3618 eius.
1822 3547 1870 3622 Et
1885 3577 1949 3623 oro
1963 3577 2066 3626 reve-

1072 3645 1193 3706 renter
1205 3650 1246 3706 nt
1260 3633 1351 3708 Cels.
1366 3667 1399 3715 v.
1415 3653 1466 3712 tot
1481 3669 1575 3716 meas
1591 3647 1779 3740 petitiones
1794 3651 1986 3726 clementer
2000 3679 2078 3752 au-⁴

1073 3734 1159 3808 diat.
1208 3733 1344 3810 Natura
1368 3739 1408 3812 in
1426 3739 1532 3816 Stoio
1554 3747 1726 3820 excellens
1751 3765 1826 3838 est,
1845 3767 1881 3825 et
1901 3758 2065 3830 omnium

1071 3837 1201 3910 artium
1225 3863 1344 3931 capax.
1391 3839 1440 3914 Et
1456 3848 1501 3915 ad
1519 3849 1696 3920 scribendi
1715 3851 1916 3926 facultatem
1934 3859 2065 3930 adiun-

1069 3937 1121 4009 xit
1154 3941 1391 4013 eruditionem
1427 3945 1467 4015 in
1488 3942 1726 4042 philosophia
1759 3969 1794 4026 et
1818 3953 2065 4033 mathematica

1069 4042 1254 4132 egregiam.
1301 4040 1349 4114 Et
1364 4067 1479 4116 mores
1495 4063 1578 4133 stant
1595 4049 1725 4144 placidi
1741 4057 1831 4129 etad
1848 4083 1967 4150 pacem
1983 4061 2064 4134 ido-

49 4115 114 4206 lloc
130 4139 266 4214 tumulo
283 4137 373 4218 Viti
389 4165 469 4218 ossa
490 4155 679 4236 teguntur,
703 4141 762 4216 cni
782 4141 870 4218 urbs
886 4141 1017 4220 Norica
1066 4142 1137 4217 nei.
1162 4142 1232 4215 Sed
1246 4144 1411 4216 valetudo
1424 4148 1488 4219 diu
1500 4149 1731 4239 suitadflicta,
1745 4181 1854 4252 quare
1868 4161 2063 4254 codignior
2115 4197 2116 4201 ¹

48 4229 99 4308 luit
114 4241 231 4331 patria.

1065 4257 1116 4314 est
1144 4244 1268 4331 laude,
1300 4250 1396 4342 quod
1419 4253 1536 4322 studia
1558 4256 1773 4348 optimarum
1796 4260 1928 4332 artium
1956 4265 2062 4335 etiam

127 4371 167 4446 ln
191 4375 295 4448 mim
319 4374 531 4467 momine
555 4335 764 4466 Thwbm,
800 4365 883 4452 vm·
906 4407 1015 4456 omen
1063 4344 1198 4416 morbis
1232 4373 1314 4418 eum
1347 4351 1485 4424 duriter
1510 4357 1795 4432 excruciantibus
1820 4385 1896 4432 nou
1921 4363 2062 4442 abiecit.

47 4465 109 4548 tuit.
152 4475 242 4548 Nam
267 4501 349 4548 vere
368 4478 491 4550 multis
512 4479 618 4550 donis
641 4503 662 4553 a
685 4481 752 4552 deo
772 4495 918 4556 ornatus
934 4486 1015 4575 luit,
1065 4493 1294 4515 ““““·“““““·

48 4582 78 4640 ot
88 4579 256 4688 prodesset
270 4578 368 4671 gregi
383 4593 446 4654 tuo
461 4575 615 4657 Cluiste.

125 4707 203 4786 Fuit
217 4705 351 4808 ¹graece,
370 4713 482 4787 latine
495 4727 531 4786 et
543 4709 709 4788 hebraice
722 4715 858 4803 doctus,
877 4709 912 4792 et
927 4743 1010 4794 vere

49 4801 100 4877 fide
111 4811 207 4886 deum
223 4817 354 4908 coluit,
379 4841 419 4888 ac
433 4818 569 4910 proluit
588 4819 754 4890 omnibus
769 4818 897 4896 enodis.

128 4943 167 5020 ln
192 4943 304 5042 patria
328 4951 450 5024 docuit
470 4947 729 5043 Evangelium,
761 4953 874 5027 edidit
896 4954 1009 5028 libros

48 5039 146 5132 utiles,
181 5051 351 5145 pugnavit
386 5077 467 5126 cum
507 5055 670 5126 fanaticis
710 5055 932 5144 doctoribus,
971 5071 1007 5130 et

48 5132 179 5223 hostibus
201 5151 404 5246 Evangelii,
440 5167 476 5226 et
500 5157 612 5248 cavit,
643 5179 689 5226 ne
713 5157 787 5234 ulla
814 5156 894 5258 labe
918 5159 1006 5231 mali

50 5237 191 5336 dogmatis
207 5256 320 5349 patria
337 5257 549 5332 inficeretur.

1096 4565 1124 4635 1)
1142 4563 1214 4622 eod.
1232 4567 1313 4626 Mon.
1331 4572 1403 4640 tirso.

1093 4649 1123 4719 2)
1141 4650 1211 4709 cot.
1227 4653 1309 4712 Mon.
1326 4665 1413 4725 noto,
1436 4659 1576 4719 mendose.

1093 4731 1124 4800 ΙΙ)
1147 4731 1210 4791 vid.
1223 4735 1257 4790 de
1269 4735 1316 4794 ille
1333 4737 1534 4809 dispensatione
1552 4745 1674 4803 Sieideni
1689 4746 1874 4812 commentae.
1891 4772 1917 4827 p.
1930 4756 1983 4812 06⁰
1995 4775 2036 4828 eq.

1093 4813 1142 4885 ὓ)
1161 4821 1338 4888 tttottblot
1356 4823 1488 4894 &totos
1501 4829 1564 4896 btett
1577 4832 1702 4902 fidicina
1716 4837 1833 4908 cassae
1846 4841 1921 4896 test.
1936 4847 1980 4900 ott
1993 4845 2079 4900 uas

1126 4887 1588 5034 ttatattttttttt‘tttt.
1598 4905 2060 5040 ttt.‘tta.¹tt.t‘tt.t:tl

1125 5023 1165 5080 tlt
1185 5029 1263 5094 aaut
1282 5028 1324 5094 tttb
1340 5031 1445 5098 audiet
1462 5037 1553 5094 olette
1572 5043 1631 5106 autb
1647 5043 1807 5111 mittentur
1827 5046 1926 5116 auctet,
1952 4999 2058 5110 nahts

1122 5089 1238 5162 Uirtute
1255 5111 1287 5176 po
1306 5097 1429 5164 ttuttrene
1458 5112 1528 5162 nort
1545 5111 1641 5175 bossut
1653 5113 1752 5179 contet
1764 5113 1894 5183 wotene:
1910 5119 1953 5174 tec
1966 5121 2054 5178 mesu

1123 5163 1162 5229 ata
1177 5166 1228 5218 unt
1240 5165 1376 5233 nerone
1388 5170 1506 5242 tutaret.
1540 5177 1609 5235 &eta
1620 5181 1738 5242 zoomot
1751 5183 1812 5238 uoce
1824 5185 1863 5242 tte
1874 5185 1939 5254 teste
1950 5185 2052 5246 secat·

1123 5230 1176 5299 batt
1194 5235 1236 5290 tes
1255 5236 1367 5306 present
1385 5240 1415 5309 tit
1430 5243 1459 5300 to
1478 5249 1523 5303 teu
1540 5245 1617 5304 Actis
1636 5248 1743 5307 somn.
1767 5249 1849 5310 Tem.
1862 5251 1887 5310 1.
1901 5253 1942 5314 ὅ.
1955 5255 2053 5314 675ae.

1120 5305 1243 5371 astruet.
1276 5303 1398 5378 (faber.)
