4642 5808
209 279 283 362 165
768 263 1209 350 EPISTOEARUM
1265 265 1376 354 EIB.
1406 265 1474 352 xl·
1524 264 1660 352 154⁸.
2174 271 2252 352 156

218 449 425 584 Q&
1044 443 1202 530 essent.
1249 437 1316 516 No.
1334 437 1447 515 43⁷1.
1558 537 1569 550 ἢ
2066 445 2246 572 Q

1058 535 1431 570 ”m

383 629 605 744 Cecwiger
631 625 698 712 od
715 625 1029 716 scholasticos.
1449 623 1667 743 crespee
1698 623 1765 712 ud
1790 625 2012 716 Secutast.

274 790 382 866 scena
399 786 477 865 pust.
496 783 582 843 sse.
597 779 682 840 vvcc.
697 779 732 841 τ.
744 781 765 838 1.
783 799 812 855 p.
823 781 884 840 au.
1318 783 1427 860 saepe
1444 783 1522 858 puer.
1538 783 1624 842 aas
1643 781 1759 844 werse.
1775 783 1810 843 r.
1826 785 1852 840 1.
1869 802 1896 858 ρ.
1912 784 1974 842 est

206 925 343 1008 necor
373 917 595 1000 Academiae
626 909 1056 1092 Witcbbcospcrcs
1087 907 1202 994 Cru—
1246 919 1384 998 Rector
1409 915 1630 997 andanem
1660 907 2090 1092 WindDCaspdrus
2122 915 2250 1000 Cru-

593 1042 737 1118 ccger,
804 1067 816 1093 .
1634 1043 1785 1118 otger,
1855 1075 1867 1100 .

205 1150 366 1240 Necesse
381 1171 433 1232 est
446 1157 487 1228 in
500 1150 659 1228 Ecclesia
671 1152 766 1226 tradi
780 1150 979 1224 doctrinam
993 1151 1038 1223 de
1054 1145 1202 1242 Angelis
1249 1141 1348 1230 Cum
1366 1163 1511 1246 propter
1526 1149 1613 1222 alias
1631 1152 1762 1224 multas
1784 1175 1905 1226 musas
1925 1155 2045 1228 dolere
2064 1155 2166 1249 pium
2187 1169 2254 1246 est,

206 1264 285 1340 Deo
304 1261 544 1358 placentibffls
569 1269 604 1328 et
619 1257 664 1326 de
678 1256 779 1348 lapsu
794 1253 1002 1348 spirituum,
1027 1254 1110 1347 quia
1123 1249 1201 1324 Deo
1249 1281 1330 1329 cum
1345 1251 1487 1326 honesti
1500 1247 1664 1324 homines
1681 1252 1839 1327 etDeum
1848 1269 1941 1329 recte
1955 1257 2109 1330 colentes
2125 1281 2167 1328 cx
2181 1255 2254 1332 hac

208 1369 431 1448 deiecerunt,
454 1373 490 1432 et
511 1382 625 1444 nunc,
648 1369 690 1428 ut
711 1357 834 1426 odium
850 1355 1013 1447 expleant
1035 1355 1203 1426 adversus
1249 1361 1322 1430 vita
1347 1354 1489 1427 mortali
1514 1368 1724 1441 evocantur,
1755 1369 1831 1428 turn
1858 1381 1943 1430 vero
1970 1358 2077 1430 etiam
2099 1375 2254 1454 propter

207 1465 345 1552 Deum,
374 1461 524 1534 immani
548 1461 669 1530 lurore
697 1470 732 1530 et
753 1457 959 1528 crudelitate
986 1455 1204 1526 insidiantur
1249 1483 1377 1546 omen,
1401 1457 1486 1552 quia
1499 1455 1744 1546 significantur
1760 1457 2006 1550 impendentes
2021 1461 2255 1550 calamitates,

208 1567 398 1644 Ecclesiae.
448 1559 502 1636 Ac
516 1562 683 1632 adversus
698 1573 771 1630 tam
793 1581 914 1630 saevos
929 1552 1048 1628 hostes
1061 1555 1204 1630 delendi
1251 1561 1382 1656 quihus
1404 1557 1575 1652 praeripit
1592 1555 1691 1630 Dm,
1710 1581 1894 1650 magum
1914 1573 2013 1653 pm
2033 1583 2117 1632 mo,
2133 1565 2256 1634 ωηο-

208 1694 278 1744 nos
291 1668 442 1740 sciamus
457 1664 502 1734 ab
518 1663 595 1754 ipso
619 1661 694 1732 filio
708 1657 794 1746 Dei,
819 1659 965 1730 domino
982 1671 1104 1732 nostro
1124 1655 1203 1728 lesu
1250 1687 1326 1749 m,
1353 1660 1578 1752 utem-ipsum
1598 1671 1666 1730 eng
1681 1659 1768 1732 iusti
1784 1659 2018 1752 colliguntur,
2040 1686 2086 1733 ne
2102 1663 2256 1737 videm,

209 1767 375 1855 Christo,
404 1764 568 1838 crucifixo
591 1786 656 1856 pro
680 1761 784 1832 nobis
804 1773 840 1832 et
859 1759 1083 1846 resuscitato,
1113 1757 1205 1828 sicut
1251 1764 1345 1834 mala
1377 1774 1539 1836 ventura.
1595 1757 1814 1833 Meministis
1845 1775 1963 1832 autem
1996 1764 2108 1834 multa
2140 1759 2257 1837 huius

212 1867 392 1948 lohannes
418 1865 569 1938 affirmat
591 1863 773 1957 inquieuse
800 1861 900 1932 veuit
926 1861 1021 1932 lilius
1045 1858 1133 1946 Dei,
1164 1870 1206 1929 ut
1251 1861 1390 1937 biennii
1417 1863 1564 1942 iuuere,
1604 1861 1645 1930 in
1683 1863 1815 1956 quihus
1854 1863 2040 1934 universae
2069 1861 2257 1938 Ecclesiae

212 1979 371 2048 destruat
384 1989 491 2062 opera
507 1965 653 2037 diaboli.
713 1961 854 2053 Quibus
872 1962 986 2034 uerbis
1001 1960 1138 2032 reddita
1154 1971 1207 2030 est
1252 1969 1369 2038 luctus
1387 1962 1545 2056 conspici
1559 1961 1692 2052 potuit,
1716 1987 1806 2057 quae
1819 1964 1933 2050 dolet,
1947 1985 1983 2034 se
2001 1967 2160 2035 orbatam
2177 1992 2258 2038 esse

212 2071 386 2148 sententia
416 2068 552 2162 primae
582 2063 847 2158 promissionis:
891 2085 1011 2134 semen
1046 2061 1207 2132 mulieris
1253 2082 1307 2142 ent
1330 2063 1491 2138 honestis
1512 2062 1620 2144 viris,
1646 2077 1681 2134 et
1701 2066 1891 2149 matronis,
1924 2089 2076 2160 quarum
2096 2068 2168 2138 fuit
2189 2091 2257 2138 ex-

213 2170 436 2252 conculcabit
450 2179 554 2260 caput
572 2167 754 2258 serpentis.
803 2163 876 2236 Nec
892 2163 1116 2237 imbecillitas
1136 2157 1208 2234 hu·
1255 2169 1385 2240 cellens
1398 2159 1524 2240 vinens,
1574 2162 1680 2236 Nun„
1703 2165 1840 2237 accedit
1859 2167 1968 2237 sunu,
1982 2161 2260 2241 honffififfimae

212 2299 319 2351 mana
333 2274 410 2345 sine
426 2269 556 2342 auxilio
573 2266 642 2339 Dei
656 2281 732 2339 tuta
745 2287 817 2336 esse
834 2279 959 2358 potest.
1009 2263 1128 2336 Habet
1143 2287 1209 2334 au·
1256 2283 1437 2342 matronae
1451 2261 1672 2352 Borboros,
1692 2266 1854 2357 coniugis
1868 2269 2062 2338 venerandi
2076 2269 2145 2338 viri
2165 2267 2259 2342 Ma-

213 2395 287 2453 tem
318 2389 353 2448 et
385 2372 479 2443 filius
507 2368 577 2442 Dei
610 2370 795 2439 adiunctos
822 2367 1014 2452 exercitus,
1044 2365 1209 2435 videlicet
1256 2369 1360 2461 gistri
1379 2367 1579 2442 Sebastisni
1594 2359 1639 2438 F
1634 2360 1827 2452 roschclii,
1853 2369 2054 2440 eruditione
2074 2383 2108 2441 et
2119 2371 2259 2444 virtute

215 2493 327 2554 caelos
344 2473 507 2564 angelos,
531 2469 646 2542 Deum
663 2469 878 2540 invocantes·
917 2465 968 2566 Ηὶ
982 2464 1209 2536 circumvoli·
1255 2469 1484 2564 praestantis,
1508 2470 1572 2564 qui
1584 2491 1699 2538 anuos
1722 2469 1860 2540 circiter
1878 2470 2003 2560 viginti
2024 2465 2107 2540 huic
2127 2467 2262 2544 Eccle-

214 2595 293 2655 taut
307 2576 449 2668 templa,
474 2567 620 2656 scholas,
643 2566 816 2642 thalamos
830 2581 980 2652 nostros,
999 2581 1033 2638 et
1050 2567 1210 2636 custodes
1258 2573 1330 2644 sine
1349 2571 1389 2640 in
1407 2592 1535 2660 magna
1556 2568 1728 2641 varietate
1749 2583 1968 2661 temporum,
1993 2585 2174 2661 gressame
2190 2597 2264 2668 pe-

216 2694 301 2754 sunt
317 2677 558 2748 membrorum
572 2667 772 2756 Ecclesiae,
794 2670 997 2764 ubicunque
1012 2689 1146 2752 sumus,
1170 2679 1212 2738 ut
1258 2671 1430 2757 sedentia,
1461 2672 1500 2740 in
1523 2671 1656 2764 oppido
1681 2670 1798 2740 cincto
1821 2665 2000 2756 hostibus,
2024 2695 2152 2763 magua
2176 2676 2263 2764 fide,

201 2783 257 2854 'in
276 2777 451 2852 hodierna
473 2773 644 2846 concione
665 2773 922 2862 scriptumest:
949 2770 1066 2861 augeli
1088 2791 1211 2840 eorum
1258 2773 1480 2858 assiduitate,
1509 2785 1545 2844 et
1563 2771 1761 2843 constantia
1780 2772 1938 2846 servivit.
1986 2771 2082 2843 Huic
2108 2788 2144 2846 ec
2165 2777 2264 2848 fili„

217 2885 342 2956 vident
356 2879 480 2950 faciem
493 2874 613 2968 patris.
666 2869 713 2944 Et
725 2871 885 2944 Psalmus
901 2872 1034 2966 inquit:
1060 2868 1212 2942 circum·
1259 2891 1331 2949 tres
1353 2887 1388 2945 et
1403 2875 1528 2965 iugens
1547 2873 1765 2944 desiderium
1789 2873 1944 2944 coniunx
1958 2873 2122 2968 reliquit,
2147 2901 2265 2970 quam

218 2986 328 3056 vallat
343 2979 488 3070 angelus
502 2973 640 3048 domini
653 2975 815 3046 timentes
828 2971 958 3048 Deum.
1260 2977 1366 3050 etiam
1379 2975 1615 3046 invocationi,
1631 2997 1714 3044 ,uae
1731 2973 1862 3044 sociam
1877 2969 2016 3050 hbuit.
2063 2971 2266 3051 Doleamns

321 3081 419 3154 Haec
435 3093 510 3151 tota
525 3075 686 3148 doctrina
702 3099 782 3146 curn
802 3069 910 3144 hodie
931 3073 969 3143 in
990 3073 1077 3144 festo
1095 3069 1216 3161 Ange-
1260 3079 1371 3170 igitur
1385 3088 1420 3147 et
1436 3091 1580 3169 propter
1594 3070 1808 3160 Ecclesiam,
1826 3077 1924 3168 quod
1942 3087 2013 3146 tam
2026 3077 2159 3148 multae
2177 3081 2266 3171 piae

220 3189 341 3260 l⁰fflm
357 3179 491 3276 P⁰l³¹¹l⁰
513 3190 725 3270 ⁹¹P⁰¹¹³l¹112
751 3175 952 3246 “efflandae
974 3187 1058 3244 Sunt
1081 3185 1214 3242 mentes
1261 3191 1397 3250 mentes
1418 3203 1460 3247 ex
1475 3173 1542 3247 hac
1557 3189 1679 3246 nostre
1693 3177 1948 3246 consuetudine
1963 3177 2202 3266 abducuntur,
2228 3197 2267 3256 et

221 3301 382 3370 nostrae,
425 3295 459 3354 ei
490 3293 531 3352 ul
566 3279 790 3350 considerent
824 3289 962 3348 lanium
995 3273 1217 3358 beneficium,
1261 3293 1408 3374 propter
1430 3278 1565 3350 luctum
1582 3277 1721 3361 mariti,
1745 3289 1780 3346 et
1796 3273 1911 3346 Deum
1936 3278 2144 3352 ardentibus
2165 3285 2268 3355 vopjg
2319 3331 2320 3334 ,

222 3389 319 3486 quod
337 3383 432 3456 Deus
454 3381 616 3454 custodes
639 3379 781 3469 ang'clos
797 3378 902 3448 nobis
917 3375 1097 3466 adiungit,
1121 3387 1155 3444 et
1175 3387 1217 3444 ut
1263 3401 1424 3464 oremus,
1454 3391 1497 3449 ut
1519 3377 1679 3470 publicas
1703 3391 1737 3448 et
1757 3377 1910 3469 privatas
1928 3401 2114 3450 aerumnas
2136 3381 2268 3471 leniat,
2319 3389 2320 3470 ᾗ

222 3489 352 3584 gratias
372 3486 407 3556 ei
431 3509 496 3577 pro
519 3477 588 3553 hoc
616 3479 786 3552 beneficio
816 3500 977 3569 agamus,
1007 3479 1080 3547 imo
1112 3476 1216 3546 etiam
1237 3471 1242 3586 l
1264 3497 1300 3555 ee
1314 3494 1429 3552 servet
1441 3479 1536 3550 inter
1551 3501 1616 3550 nos
1631 3501 1752 3550 semen
1765 3477 1910 3572 aliquod
1926 3493 2107 3569 sanctum,
2131 3487 2268 3556 necsi-
2319 3483 2320 3492 ’

222 3603 403 3688 petamus,
428 3583 503 3676 regi
516 3605 582 3654 nos
604 3606 624 3652 a
640 3581 768 3675 spiritu
783 3579 926 3664 divino,
951 3579 1218 3670 procedentes:
1264 3597 1328 3655 nae
1342 3581 1497 3671 extingui
1513 3579 1553 3650 in
1561 3575 1629 3650 hoe
1643 3591 1875 3680 nostroeoetu
1889 3581 2003 3651 lucem
2014 3585 2269 3658 veraedocprp.

222 3705 365 3790 pectore
389 3687 525 3760 aeterni
545 3685 655 3778 patris
685 3696 719 3752 et
740 3682 826 3766 filii,
850 3695 885 3754 et
907 3679 978 3770 tegi
997 3681 1118 3750 dextra
1142 3676 1220 3760 lilii,
1265 3707 1332 3756 nae
1356 3699 1391 3756 ee
1413 3705 1532 3754 veram
1558 3680 1829 3758 invocationem,
1883 3679 2020 3752 vidui,
2042 3685 2201 3756 ,enims
2223 3691 2268 3760 in

226 3808 262 3867 et
276 3816 339 3886 per
352 3790 494 3881 angelos
509 3799 622 3858 castos
637 3783 768 3876 depelli
783 3805 803 3852 a
818 3781 924 3852 nobis
938 3779 1079 3869 agmina
1094 3779 1219 3848 diabo-
1265 3807 1394 3876 magna
1416 3782 1596 3853 moesticia
1616 3782 1754 3862 vivere,
1785 3781 1849 3872 qui
1866 3781 2107 3856 „lamium
2126 3788 2269 3860 molem

225 3899 344 3968 lorum
358 3913 483 3981 spurca
502 3903 535 3959 et
551 3887 710 3958 ardentia
727 3885 810 3954 odio
825 3881 903 3952 Dei.
951 3881 1117 3954 Studium
1136 3901 1220 3948 vero
1267 3887 1434 3958 sentiunt.
1484 3881 1561 3954 Hos
1584 3883 1704 3952 dolere
1719 3881 1834 3952 sciatis
1850 3907 1924 3954 non
1939 3884 2131 3958 columem
2147 3911 2271 3977 causa,

227 3986 609 4087 cognoscendachuius
626 3987 808 4058 doctrinae
825 3998 859 4056 ct
878 3983 983 4052 fidem
1005 3993 1161 4050 nostram
1182 3980 1221 4047 iu
1267 3987 1329 4058 sed
1347 3985 1460 4056 multo
1478 3983 1587 4074 magis
1607 3996 1753 4076 propter
1769 3981 2039 4057 adolescentiam
2060 3999 2096 4058 et
2108 3993 2270 4080 posteri-
2318 4069 2319 4072 Ἴ

226 4095 419 4190 gratiarum
436 4091 573 4160 actione
591 4101 625 4160 et
641 4087 864 4158 invocatione
882 4085 1098 4154 declaremus
1115 4076 1222 4150 hodie
1268 4101 1389 4160 tatem,
1449 4083 1562 4156 Vobis
1590 4097 1714 4174 optant
1738 4084 1893 4178 relinqui
1919 4085 2069 4178 patriam
2096 4105 2273 4164 mmm

228 4194 402 4288 singulari
427 4191 598 4262 modestia
630 4203 666 4260 et
693 4189 772 4257 aliis
800 4187 869 4278 piis
894 4183 1037 4268 officiis,
1069 4205 1222 4276 quorum
1269 4187 1430 4262 doctrina
1459 4181 1664 4278 Evangelii,
1696 4185 1849 4275 legibus,
1876 4185 2087 4277 disciplina.'
2124 4187 2274 4264 Harum

227 4299 390 4374 omnium
418 4305 627 4385 spectatores
657 4311 729 4358 esse
754 4289 864 4356 cast‘os
885 4284 1041 4376 Angelos
1061 4284 1223 4356 sciamus.
1270 4289 1498 4358 maximarum
1523 4311 1663 4371 rerum,
1689 4299 1724 4358 ει
1744 4301 1878 4360 vestrae
1899 4288 2021 4360 „pupis
2039 4313 2122 4362 cum
2139 4316 2274 4364 exem·

230 4401 289 4475 Ad
304 4423 401 4470 aram
419 4395 523 4467 etiam
539 4413 686 4462 munera
705 4388 835 4459 adferri
851 4388 1035 4472 volumus,
1060 4399 1100 4456 ut
1114 4383 1224 4474 grati·
1270 4391 1420 4462 cientur.
1475 4387 1547 4462 Sed
1575 4387 1692 4481 aliqua
1717 4411 1759 4458 ex
1777 4402 1877 4479 parte
1902 4390 1939 4460 in
1962 4389 2064 4458 vobis
2085 4393 2190 4462 etiam
2216 4398 2273 4466 si-

229 4503 366 4576 tudinis
386 4511 526 4568 nostrae
555 4495 695 4582 siguum
721 4501 849 4560 extet·
878 4487 1072 4558 Laetantur
1095 4481 1225 4574 Augeli
1271 4506 1347 4562 tum
1371 4503 1443 4576 est,
1475 4513 1519 4558 ne
1542 4487 1724 4579 posteritas
1745 4511 1890 4580 prorsus
1913 4491 2082 4560 deleatur.
2132 4491 2174 4566 Si
2197 4495 2273 4587 ipsi

230 4603 361 4676 uostris
378 4599 492 4682 bouis,
517 4608 558 4666 ut
572 4593 741 4684 scriptum
758 4601 825 4660 est:
851 4589 1020 4676 gaudium
1037 4600 1087 4657 est
1098 4581 1225 4680 linge·-
1272 4593 1317 4661 ad
1334 4615 1456 4660 senum
1470 4589 1619 4678 gemitus
1633 4603 1667 4660 et
1682 4603 1760 4658 vota
1775 4591 2006 4660 adiunxeritis
2020 4607 2170 4681 vestram
2189 4599 2274 4686 pie.

230 4708 276 4777 lis
297 4705 340 4774 de
360 4725 434 4772 uno
456 4711 636 4790 peccatore
660 4689 914 4785 poenitentiam
939 4699 1079 4778 agente,
1104 4699 1139 4756 et
1160 4709 1225 4778 pro
1271 4705 1395 4775 tatem,
1420 4691 1600 4760 lenientur
1630 4689 1791 4778 publicae
1815 4692 1986 4772 miseriae.
2045 4689 2142 4764 Haec
2167 4701 2275 4788 cogi·
2317 4709 2318 4716 ’

232 4807 337 4878 nobis
361 4813 570 4894 precantur,
597 4811 631 4866 et
651 4795 775 4864 dolore
798 4791 1015 4862 adliciuntur
1036 4788 1076 4857 iu
1097 4787 1226 4858 uostris
1272 4794 1378 4864 tanda
1395 4803 1475 4860 sum
1491 4791 1528 4859 ῑῃ
1550 4785 1606 4860 hig
1619 4789 1816 4865 funeribus.
1868 4790 2079 4884 ipsidiam,
2100 4795 2276 4872 imeritus

232 4903 507 4992 calacuitatibus,
526 4912 561 4970 et
576 4895 704 4968 multas
720 4891 913 4985 depellunt.
955 4889 1150 4962 Discedunt
1164 4911 1227 4958 au-
1273 4889 1380 4964 buius
1397 4905 1536 4961 carretae
1558 4905 1739 4961 matronae
1762 4894 1866 4985 quale
1880 4897 2079 4987 exemplum
2092 4897 2154 4980 sit,
2181 4924 2275 4968 con.

234 5021 305 5078 tem
331 5005 480 5076 maxime
499 4999 625 5070 offensi
640 4991 835 5088 prophanis
852 4991 1095 5075 sermonibus,
1124 5013 1227 5082 spur·
1272 4995 1440 5064 siderate:
1473 4990 1610 5077 Mater,
1634 5006 1796 5084 superata
1812 4994 1935 5064 labore
1953 5013 2092 5088 partus,
2113 5000 2275 5072 extincto

235 5106 321 5175 eicie
344 5121 378 5176 et
405 5101 612 5176 latrociniis.
664 5096 748 5166 ldeo
770 5109 811 5165 nt
832 5095 918 5162 tales
950 5093 1111 5162 custodes
1141 5089 1227 5158 reti·
1272 5093 1491 5165 foetusimul
1505 5105 1538 5162 et
1556 5093 1629 5184 ipsa
1645 5094 1862 5183 extinguitur
1877 5095 1927 5165 sic
1951 5099 2181 5169 metuendum
2206 5118 2276 5184 est,

236 5229 402 5282 neamus,
428 5208 538 5273 simus
558 5199 727 5280 modesti,
753 5193 838 5268 casti
853 5207 888 5264 et
911 5195 947 5261 iu
964 5194 1130 5262 omnibus
1154 5193 1228 5281 pie·
1275 5195 1427 5265 extincto
1445 5193 1531 5262 flore
1541 5194 1681 5285 piorum
1697 5195 1802 5263 simul
1811 5191 2082 5290 Rempnblicam
2102 5199 2277 5273 interitu..

238 5303 318 5374 tatis
335 5303 456 5371 officiis
474 5303 582 5392 magis
597 5299 724 5376 seduli.
774 5293 885 5367 Datne
899 5294 937 5364 in
952 5294 1040 5364 sesto
1054 5303 1227 5364 castoreum
1275 5319 1349 5396 caru
1384 5317 1468 5367 esse.
1534 5294 1604 5366 Sed
1636 5307 1671 5366 te
1702 5317 1860 5382 oramus,
1901 5301 2126 5391 omnipotens
2159 5299 2277 5391 Dens,

239 5403 477 5494 A¹¹ti⁰l⁰ffl¹¹³2
503 5426 595 5472 anno
622 5397 731 5476 1548·
1272 5412 1415 5470 aeterne
1431 5408 1531 5490 pater
1545 5395 1684 5468 domini
1704 5396 1818 5471 nostri
1832 5395 1911 5472 Iesu
1927 5395 2079 5490 Christi,
2104 5405 2278 5480 conditor
