4616 5812
56 260 125 336 m
621 247 1219 334 rerer-occanuora:
1245 255 1311 336 ιι.
1337 261 1498 342 assu
1721 345 1730 362 ,
2002 261 2080 340 are

57 433 170 503 ordine
194 448 388 526 corporum
410 433 537 504 mundi
561 431 752 504 dicendum
775 445 845 518 est,
870 453 973 524 saepe
995 429 1040 500 de
1087 441 1171 498 vera
1187 423 1360 515 Ecclesia,
1386 445 1427 503 ut
1443 431 1481 502 in
1497 439 1572 503 eam
1590 459 1655 506 nos
1670 435 1750 506 fidei
1766 437 1949 520 societate,
1971 435 2079 506 iuvo-

56 534 179 604 ordinis
201 533 476 606 conturbatione
500 535 602 608 etde
626 535 748 620 malis,
774 557 864 628 quae
884 531 1040 604 aversio·
1086 531 1222 599 catione
1239 545 1273 602 et
1289 534 1508 603 consessione
1525 536 1767 622 includamus,
1789 540 1995 632 ubicunque
2016 561 2078 606 su-

57 637 433 726 remadeoiugrucre
448 631 607 708 humano
625 649 850 710 secutasuut.
901 631 1039 706 Multae
1085 655 1174 703 mus.
1228 629 1354 723 Sparsa
1375 647 1426 706 est
1439 635 1533 704 enirn
1547 637 1586 706 in
1602 639 1740 708 diversa
1757 641 1917 732 imperia.
1969 635 2076 710 Seda

57 751 159 828 partes
174 738 358 809 doctrinae
373 737 533 810 coelestis
558 737 745 808 collatione
771 731 931 832 physices
955 736 1038 806 itlu-
1084 733 1231 824 prolana
1255 745 1288 804 et
1318 735 1425 827 impia
1455 750 1551 828 parte
1579 741 1715 830 generis
1739 736 1889 810 humani
1913 739 2079 810 distincta

57 839 320 912 strandaesunr.
370 837 780 932 Saepissimedenatura
804 833 960 909 hominis
982 835 1039 906 di.
1087 847 1138 903 est
1167 834 1277 923 siguis
1302 859 1375 905 uon
1402 837 1626 920 fallentibus,
1662 855 1699 911 ut
1730 841 1880 912 sciamus
1904 865 1987 911 vere
2008 837 2077 912 Dei

57 941 194 1010 tendum
214 953 283 1025 est,
309 941 560 1010 discernendae
575 941 770 1034 potentiae,
787 953 821 1010 ct
834 949 1037 1010 monstran-
1081 931 1274 1006 Ecclesiam
1292 961 1364 1006 esse
1378 953 1536 1024 coetum,
1561 943 1766 1036 ubicunque
1781 955 1848 1026 est,
1874 943 1937 1038 qui
1954 963 2076 1012 vocem

55 1041 92 1112 da
106 1041 202 1134 quasi
221 1042 359 1112 diversa
374 1041 555 1114 domicilia
568 1041 781 1132 cognitionis
803 1053 836 1112 et
851 1037 1036 1134 appetitio·
1080 1031 1264 1126 Evangelii
1282 1053 1384 1109 sonat
1398 1039 1658 1134 incorruptam,
1684 1057 1717 1120 et
1739 1043 1935 1133 legitimum
1950 1042 2076 1116 sacra-

55 1165 147 1228 num,
172 1143 451 1232 ostendendum,
477 1169 566 1237 quae
586 1145 678 1213 vires
701 1139 1037 1234 laugueiactaesint,
1083 1151 1283 1208 mentorum
1318 1165 1421 1210 usum
1453 1143 1599 1228 retinet,
1634 1169 1698 1214 nec
1726 1143 1825 1214 idola
1849 1143 2076 1238 pertinaciter

54 1267 130 1336 qaae
146 1245 221 1336 regi
238 1245 423 1336 disciplina
440 1246 586 1338 possins.
636 1241 800 1364 Denique
819 1243 941 1314 multis
958 1265 1037 1332 gra·
1081 1239 1250 1310 delendis.
1302 1237 1398 1312 Haec
1418 1267 1498 1313 cum
1523 1245 1569 1315 ab
1591 1245 1654 1324 iis,
1682 1247 1741 1340 qui
1766 1247 1962 1318 doctrinam
1985 1241 2077 1314 Pro-

55 1344 193 1414 vissimis
217 1347 374 1415 materiis
398 1347 535 1442 aliquid
559 1347 648 1417 lucis
674 1350 774 1416 addrt
797 1341 882 1416 haec
904 1345 1036 1438 qualis-
1083 1335 1256 1430 pheticam
1277 1355 1310 1410 et
1325 1339 1566 1434 Apostolicam
1586 1345 1806 1431 didicerunt,
1829 1359 1863 1418 et
1877 1371 1953 1416 nou
1971 1345 2075 1416 tabo-

56 1469 180 1539 cuoque
208 1460 357 1518 naturae
388 1449 553 1540 aspectio.
611 1445 709 1518 Haec
733 1448 842 1536 igitur
863 1447 979 1516 studia
1003 1457 1038 1514 et
1081 1441 1193 1510 losam
1217 1465 1289 1512 esse
1313 1444 1486 1530 sentiunt,
1510 1461 1646 1528 mente,
1669 1445 1782 1518 oculis
1804 1462 1909 1542 atque
1929 1445 2078 1518 auribus

55 1547 168 1628 amari,
194 1561 230 1616 et
244 1561 337 1618 recte
353 1549 421 1618 coli
438 1563 543 1640 opto,
568 1545 699 1642 quibus
716 1547 948 1620 certissimum
973 1559 1037 1631 est,
1081 1541 1230 1612 iudicari
1246 1544 1398 1636 possint,
1425 1547 1566 1636 agnosci
1582 1561 1674 1618 certe
1689 1545 1845 1620 Ecclesia
1861 1561 1986 1641 potest.

55 1661 185 1719 naturas
200 1673 277 1717 non
295 1651 460 1720 distortas
476 1649 620 1720 invitari
637 1665 670 1720 et
686 1650 780 1720 llecti
795 1651 838 1719 ad
858 1649 1036 1726 virtutem.
1184 1639 1230 1714 Et
1244 1647 1283 1713 in
1301 1647 1409 1717 tantis
1422 1645 1654 1740 imperiorum
1671 1651 1804 1734 ruinis,
1831 1675 1873 1720 ac
1886 1645 2075 1720 hominurn

140 1747 334 1820 Edidimus
359 1765 476 1822 autem
500 1745 594 1821 hanc
616 1751 809 1846 sylvulam,
841 1749 961 1820 addita
983 1747 1036 1820 tui
1080 1741 1391 1836 dissipationibus,
1417 1743 1510 1820 hanc
1534 1751 1811 1821 consolationem
1837 1752 1953 1822 bonae
1972 1772 2076 1820 men·
2165 1795 2173 1810 .

53 1849 196 1919 nominis
219 1853 420 1938 mentione,
455 1852 714 1948 quiescimus,
748 1869 782 1925 te
804 1851 980 1944 sapienter
1003 1863 1037 1920 et
1083 1857 1134 1914 tes
1155 1857 1318 1932 teneant,
1349 1847 1412 1917 ubi
1437 1875 1558 1920 vocem
1583 1875 1686 1922 verae
1707 1853 1887 1923 doctrinae
1910 1844 2075 1922 incorru-
2111 1915 2118 1922 .

53 1951 191 2037 graviter
198 1955 251 2022 ‘de
266 1955 392 2024 studiis
408 1953 589 2024 doctrinae
612 1953 768 2024 iudicare
789 1975 898 2048 eaque
920 1953 1036 2021 libcn-
1080 1959 1178 2038 ptam
1194 1949 1365 2034 audiunt}
1387 1963 1422 2020 et
1435 1951 1632 2042 legitimum
1646 1951 1954 2024 sacramentorum
1969 1973 2074 2024 usuro

52 2065 96 2120 ter
110 2053 198 2122 tueri
219 2068 255 2124 et
270 2079 417 2140 ornare,
442 2080 482 2125 ac
497 2055 644 2124 consilia
662 2055 699 2124 in
716 2053 972 2142 gubernatione
988 2054 1033 2121 ad
1080 2061 1249 2133 cernunt,
1278 2063 1311 2120 et
1328 2049 1451 2122 vident
1471 2077 1545 2122 uon
1562 2053 1704 2123 delendi
1720 2055 1948 2146 pertinaciter
1962 2051 2075 2135 Idola,

53 2155 344 2226 conservationem
367 2151 535 2227 honestae
551 2155 777 2248 disciplinae,
803 2157 984 2225 literarum
1002 2167 1036 2224 et
1079 2159 1114 2218 et
1128 2172 1264 2219 errores
1282 2163 1480 2240 pugnantes
1495 2177 1576 2222 com
1593 2179 1677 2224 voce
1696 2153 1779 2224 Filii
1796 2153 1881 2240 Dei,
1907 2156 1959 2224 ibi
1981 2177 2017 2223 se
2033 2153 2072 2222 io

54 2255 242 2342 doctrinae,
259 2277 350 2350 quae
370 2251 528 2328 humano
543 2259 663 2348 generi
681 2255 872 2328 necessaria
890 2267 959 2340 est,
979 2279 1036 2324 re.
1080 2249 1245 2321 societate
1260 2247 1436 2322 Ecclesiae
1460 2277 1534 2323 esse
1555 2253 1748 2326 certissime
1761 2255 1892 2336 sciant,
1917 2279 1983 2326 nec
2003 2255 2072 2324 du-

55 2355 150 2440 lcrre,
175 2383 248 2450 quo
266 2359 304 2428 io
321 2381 426 2430 cursu
442 2373 483 2432 ot
498 2373 532 2430 te
548 2361 635 2428 deus
650 2372 832 2440 aeternus,
856 2371 956 2450 pater
970 2357 1036 2426 do·
1080 2349 1213 2436 bitent,
1239 2351 1326 2422 tales
1343 2367 1462 2424 coetus
1480 2351 1546 2425 Dei
1565 2355 1745 2426 domicilia
1769 2381 1859 2442 esse,
1885 2356 1937 2426 ibi
1962 2353 2071 2426 mini-

55 2455 130 2525 mini
146 2460 261 2529 nostri
280 2457 361 2531 lesu
378 2457 532 2546 Christi,
558 2461 722 2532 conditor
745 2459 835 2532 coeli
857 2473 890 2530 et
911 2472 1036 2540 terrae,
1078 2451 1184 2522 sterio
1207 2449 1395 2543 Evangelii
1417 2453 1689 2538 suessonense,
1712 2457 1764 2528 ibi
1786 2457 1946 2530 exaudiri
1967 2455 2074 2524 invo-

54 2569 81 2625 et
95 2554 277 2630 hominurn
294 2575 328 2632 et
350 2563 515 2632 ecclcsiae
539 2583 640 2647 suae,
664 2587 738 2632 una
760 2585 840 2631 curn
862 2559 936 2630 lilio
960 2581 1036 2637 suo,
1079 2567 1219 2640 cantes,
1236 2553 1305 2640 „ibi
1326 2569 1418 2626 recte
1443 2557 1512 2627 coli
1537 2555 1672 2644 Deum,
1695 2581 1737 2627 ex
1758 2583 1799 2630 co
1826 2573 1926 2630 coetu
1952 2555 2074 2644 colligi

55 2659 185 2730 domiuo
203 2675 353 2749 nostro,
377 2661 456 2732 lesu
469 2657 630 2747 Christo,
655 2663 820 2734 crucifixo
844 2686 909 2754 pro
932 2659 1037 2728 nobis
1078 2668 1256 2726 aeternam
1290 2649 1542 2728 haereditatem
1578 2657 1673 2730 Filio
1706 2659 1796 2745 Dei,
1838 2662 1934 2730 iuita
1964 2659 2073 2728 illud:

55 2763 308 2850 etresoscitato,
323 2779 357 2836 ct
375 2765 502 2856 spiritu
518 2787 583 2834 suo
600 2779 720 2835 sancto
738 2765 921 2854 gubernet,
935 2775 1036 2854 opta·
1078 2749 1295 2854 Ubicunque
1318 2765 1404 2826 sunl
1428 2751 1502 2828 duo
1525 2767 1590 2828 aul
1615 2767 1686 2830 tres
1709 2758 1925 2856 congregati
1941 2759 1982 2830 in
2006 2781 2074 2830 no-
2105 2827 2107 2833 Α

54 2883 129 2935 mus.
171 2861 272 2935 Bene
289 2865 379 2941 vale.
420 2865 488 2937 Die
504 2865 711 2952 angelorum
728 2877 903 2936 castorum
921 2875 955 2933 et
970 2865 1036 2932 deo
1078 2852 1287 2958 minwed,
1313 2853 1518 2928 ibisumin
1536 2853 1804 2934 medioeorum.

55 2963 298 3042 obedientium,
349 2963 458 3038 Anno
481 2965 591 3042 1549,
1179 2955 1256 3027 Hac
1271 2961 1513 3030 consolatione
1529 2983 1632 3054 saepe
1646 2963 1686 3032 in
1702 2963 1985 3034 dissensionibus
2004 2985 2074 3052 pu·

1079 3055 1182 3128 blicis
1196 3081 1285 3151 opos
1299 3074 1368 3144 cst,
1387 3085 1493 3156 quam
1509 3063 1652 3158 quidem
1666 3087 1707 3134 eo
1727 3067 1855 3150 recito,
1877 3063 1961 3158 quia
1974 3085 2073 3132 nunc

1079 3183 1221 3254 quoque
1236 3161 1450 3232 clamoribus
1464 3166 1688 3258 quorundam
1704 3191 1779 3236 non
1793 3165 1918 3236 leviter
1931 3175 2073 3256 penur-

1082 3261 1213 3331 bantur
1226 3273 1368 3332 nostrae
1382 3259 1578 3352 Ecclesiae,
1604 3290 1695 3361 quae
1711 3261 1804 3339 hauc
1820 3289 1944 3337 veram*
1961 3263 2075 3336 ethr-

901 3339 1037 3466 ἐξ·
1079 3383 1173 3431 mam
1198 3363 1475 3435 consolationem
1499 3377 1659 3454 teneant,
1685 3367 1729 3438 de
1752 3393 1821 3464 qua
1844 3389 1926 3438 suos
1951 3363 2075 3436 oculos

443 3503 628 3590 Lectori
713 3477 716 3492 “
1080 3474 1114 3532 ct
1135 3469 1215 3532 'suas
1237 3487 1339 3534 aures
1361 3467 1493 3556 singuli
1516 3481 1619 3539 testes
1632 3469 1773 3540 iaciant.
1822 3469 1934 3541 Sonat
1950 3467 2072 3538 eadem

628 3561 639 3586 ⁶
1063 3573 1148 3638 'vox
1170 3565 1352 3638 doctrinae
1373 3568 1578 3654 universae,
1609 3593 1716 3664 quaro
1738 3571 1777 3640 in
1802 3569 1904 3640 libris
1928 3567 2073 3650 nostris,

111 3664 228 3736 Epistola
249 3664 371 3736 pdmuru
391 3664 536 3735 separatim
556 3659 817 3784 editas‘ffipirlola
837 3658 909 3714 Phil.
925 3655 1036 3714 Melan-
1080 3664 1143 3758 qui
1161 3679 1297 3752 emm,
1320 3691 1498 3743 mamm·
1551 3668 1643 3742 Usus
1664 3669 1972 3741 sacramenffimm
1996 3691 2073 3740 m„

142 3731 654 3874 ssppbpoipppakppppoppppuel⁵121ae
669 3801 694 3854 a.
712 3729 1035 3870 J‘ihi'timvpiissfnrffi:
1079 3779 1141 3838 net
1159 3763 1273 3851 idem,
1302 3770 1364 3864 qui
1385 3769 1454 3840 fuit
1474 3783 1556 3839 aute
1576 3771 1777 3862 proximum
1800 3772 1946 3844 bellum.
1998 3767 2073 3840 Ta-

143 3871 212 3926 libro
223 3869 426 3952 Melanthonisp
444 3867 577 3924 Doctrina
586 3868 619 3922 de
632 3868 807 3952 poenitentia.
824 3865 950 3950 Witteb.
962 3865 1054 3920 tosa*
1077 3879 1207 3937 gamm·
1231 3891 1383 3956 mom,
1408 3883 1443 3942 ep
1468 3869 1584 3957 Mola,
1607 3885 1649 3942 up
1671 3871 1755 3942 libri
1782 3871 1927 3944 anobis
1951 3867 2072 3962 mimi

144 3941 168 3996 8.
206 3941 308 3996 lterum
323 3938 394 3993 edrtr
413 3955 442 3990 us
455 3939 533 3992 Acus
545 3939 685 4009 synodicas
705 3937 750 3992 lat.
763 3955 791 4020 p.
805 3937 861 4004 ta,
879 3955 908 3990 ro
923 3934 1035 3988 Metao-

142 4005 438 4078 transsoluisse.
451 4023 478 4076 ρ.
491 4007 552 4059 sse
566 4013 593 4058 a
606 4007 633 4058 su
654 4006 731 4074 epac
752 4004 801 4062 us.
816 4005 839 4059 1.
853 4024 881 4077 p.
898 4003 958 4058 sss.
977 4001 1035 4072 (sa.
1078 3969 1284 4039 ostendens.

145 4073 484 4160 casanatensem.
520 4071 933 4131 accuratissimorum
954 4071 984 4128 e.
999 4070 1033 4124 u.
1180 4067 1287 4158 Quod
1303 4093 1388 4139 vero
1403 4063 1935 4170 aramiusttlactcslnyrtcus‚
1961 4081 1992 4143 et
2008 4067 2075 4143 do-

145 4148 247 4284 ξῇἒοῑῖ·
264 4145 335 4271 'iiii’
348 4140 618 4284 {issffgsswiiiiiii'
636 4139 1035 4281 isf¹iff¹pif',¹{'2‚⁷²⁷†„ss}¹¹is,
1080 4165 1240 4240 ctrincm
1254 4168 1417 4257 mutari,
1440 4179 1472 4241 et
1496 4172 1640 4244 restitui
1654 4175 1875 4246 ceremonias
1889 4167 2073 4274 quosdam

144 4281 312 4338 muratam
326 4279 458 4338 masania
471 4297 534 4334 eum
549 4279 714 4352 archetypo,
730 4280 804 4350 quod
816 4279 934 4336 concuti.
1080 4277 1191 4340 antea
1204 4267 1391 4348 abolitoss
1418 4273 1572 4365 primum
1596 4277 1641 4346 de
1655 4278 1816 4348 doctrina
1838 4275 2074 4366 respondebo.

59 4415 244 4519 Philippus
259 4413 492 4491 Melanthea
510 4413 711 4490 candido
725 4413 916 4490 Lectori
937 4417 975 4492 S.
990 4415 1035 4492 D.
1081 4367 1468 4546 fflffl'egifiioeffl‘
1488 4376 1703 4498 ‘minimi'
1727 4403 1794 4448 ⁹⁰¹
1819 4377 1982 4496 Quium
2008 4377 2076 4447 ἅθ’

1444 4500 1474 4546 rs
1489 4491 1621 4548 nostru
1632 4491 1667 4547 et
1681 4501 1721 4547 m
1735 4475 1887 4550 Scholrr.
1940 4475 2013 4565 Ac,
2027 4501 2074 4548 ne

59 4542 106 4638 Ut
125 4570 309 4662 praecipua
328 4589 412 4638 cura
432 4565 594 4638 omnium
621 4559 809 4659 hominum
830 4589 903 4638 esse
921 4567 1038 4652 debet,
1082 4573 1187 4664 longa
1207 4587 1268 4646 aut
1290 4577 1438 4648 obscura
1459 4579 1505 4646 sit
1527 4579 1726 4668 responsio:
1753 4581 1797 4650 de
1818 4579 1984 4651 universa
2008 4581 2075 4651 do-

61 4681 93 4738 ut
111 4686 199 4742 recte
217 4691 406 4760 agnoscere
427 4681 463 4738 et
483 4667 648 4738 invocare
668 4666 785 4739 Deum
806 4669 961 4740 discant:
986 4670 1036 4740 ita
1081 4674 1195 4745 ctrina
1209 4675 1325 4746 sentio
1342 4679 1438 4770 quod
1451 4678 1574 4770 scripsi
1589 4679 1629 4747 in
1644 4701 1686 4749 eo
1700 4681 1814 4767 libro,
1863 4683 1900 4752 ui
1923 4683 1963 4752 iu
1981 4671 2077 4750 roul-

63 4789 128 4838 cam
145 4773 182 4840 iu
201 4769 359 4842 Ecclesia
384 4795 420 4840 se
443 4767 540 4841 Deus
568 4771 788 4862 patefecerit,
822 4783 856 4840 et
877 4771 962 4840 velit
986 4771 1036 4840 ibi
1082 4787 1200 4845 torum
1223 4777 1387 4846 manibus
1408 4793 1479 4864 est,
1504 4779 1609 4850 titulo
1631 4771 1817 4852 Locorum
1867 4775 2076 4876 lceoiogico·

63 4887 148 4942 tuam
167 4895 288 4944 vocem
311 4872 447 4956 audiri,
480 4895 519 4942 ec
539 4871 811 4962 velitsingulos
843 4871 921 4941 lieri
944 4874 1037 4944 cives
1084 4899 1183 4960 cum,
1214 4877 1253 4946 in
1276 4901 1348 4970 quo
1379 4901 1454 4948 noo
1475 4879 1574 4950 volui
1598 4905 1733 4954 novum
1758 4885 1941 4954 doctrinae
1958 4883 2076 4975 'genus

63 4971 125 5042 rias
137 4987 266 5058 coetus,
281 4987 315 5043 et
327 4975 372 5043 ad
383 4973 549 5044 vexillum
558 4967 704 5042 Domini
719 4973 832 5042 nostri
842 4967 1037 5044 lesuChri-
1084 4977 1308 5062 constituere,
1323 4979 1384 5048 sed
1401 4979 1555 5052 fideliter
1563 4983 1690 5074 collegi
1700 4985 1897 5055 doctrinam
1913 4990 2075 5054 commuss

65 5071 102 5140 sti
123 5097 345 5160 concurrere,
375 5087 416 5148 ut
436 5075 531 5167 apud
554 5067 722 5142 Esaiam
747 5073 896 5144 dicitur:
947 5069 1037 5144 Eril
1082 5101 1161 5148 nem
1172 5073 1568 5168 harumEcclesiarum,
1587 5107 1680 5178 quae
1696 5085 1877 5176 amplexae
1887 5087 1971 5158 scrut
1987 5109 2081 5156 cone

65 5168 197 5264 riguum
217 5172 381 5273 populis:
410 5176 557 5247 omnino
581 5174 776 5244 necessaria
805 5187 857 5245 est
886 5189 921 5246 et
950 5171 1037 5248 haec
1083 5179 1267 5250 lessioucm
1283 5175 1476 5254 exhibitam
1488 5179 1698 5275 Imperatori
1712 5182 1823 5256 Anno
1836 5183 1891 5261 Μ,
1905 5183 2077 5261 nm.

67 5291 152 5356 tara,
175 5277 441 5368 circumspicere
456 5289 589 5361 mente,
615 5289 650 5348 et
663 5275 703 5345 in
716 5289 812 5351 unta
828 5277 1039 5356 confusione
1082 5305 1188 5374 quam
1215 5284 1426 5354 sententiam
1458 5284 1580 5354 iudico
1614 5307 1689 5355 esse
1721 5301 1927 5380 perpetuam
1951 5283 2077 5360 Eccle-

67 5377 187 5458 reosris
200 5373 348 5450 humani
360 5379 537 5472 sapienter
548 5399 734 5472 quaerere,
759 5401 849 5476 quae
865 5391 901 5450 ec
914 5377 1038 5450 ubisit
1080 5381 1152 5454 aias
1182 5377 1388 5455 Catholicae
1428 5384 1647 5473 doctrinam,
1694 5411 1734 5459 ac
1770 5391 1852 5460 volo
1886 5391 2008 5460 dextre
2042 5405 2081 5458 et

55 3333 237 3464 Q.
