4642 5808
11 211 13 304 l
82 232 139 320 ns
625 179 1059 304 nur'srouauuu·
1117 217 1228 294 uua
1262 215 1525 296 aurare
1918 213 1922 236 ¹
2016 221 2102 298 aas

81 413 151 486 ulia.
197 405 373 482 Nosvero
397 406 458 500 qni
477 397 638 480 custodes
654 414 728 476 esse
746 393 929 474 doctrinae
948 395 1055 468 debe·
1096 407 1157 466 tur
1176 389 1380 465 testhnorda
1402 388 1466 472 iis,
1492 385 1554 480 qui
1572 388 1643 458 iarn
1667 386 1946 463 idoneisuntad
1962 392 2098 464 docen-
2212 467 2215 472 .

80 537 158 595 nus,
179 513 335 582 retinere
352 510 452 581 decet
470 509 653 580 doetrinae
680 505 882 598 puritatem·
929 497 1055 571 Dicam
1098 497 1202 581 dum,
1225 491 1273 566 ila
1289 494 1347 564 die
1364 489 1650 592 septennium.
1658 493 1881 574 ornabuntur
1893 493 2003 584 gradu
2013 493 2096 567 Ma-

80 617 167 708 igitur
181 617 227 684 de
247 613 354 683 rebus
379 611 583 682 necessariis
605 609 728 680 eadem
749 627 839 700 quae
860 603 936 676 dixi
953 614 1056 672 antea
1098 597 1231 689 gislerii
1249 587 1495 684 Philosophiti
1509 585 1651 662 honesti
1666 611 1705 662 ac
1721 594 1816 666 docti
1829 595 1914 682 viri,
1941 621 2096 690 quorum

79 691 238 802 modeste,
270 727 305 784 et
336 715 468 797 feram,
507 713 537 784 si
560 713 640 807 quis
662 731 721 780 me
741 730 839 778 casus
867 703 1056 798 opprimet.
1098 698 1244 769 nomina
1264 693 1323 766 hic
1347 695 1522 785 adscripti
1543 702 1639 764 ium·
1677 731 1728 752 ···
1784 691 1827 766 ld
1845 717 1931 768 tum
1955 699 2035 768 fi'tri
2057 700 2097 770 in

80 819 180 909 Nuper
196 812 218 889 ὃ
237 809 437 915 γυπαίετος
463 815 508 886 de
534 827 654 886 nostra
678 807 932 882 deliberatione
949 829 1056 898 expo·
1099 802 1251 895 quadarn
1265 799 1465 892 frequentia
1481 797 1616 881 deceat,
1641 797 1811 886 petimus,
1829 811 1870 869 ut
1882 823 2006 872 ornnes
2019 799 2097 876 Do-

80 921 204 991 stnlavit
233 941 315 987 cum
343 929 480 991 nostro.
539 915 610 990 Sed
639 913 716 986 Deo
746 935 804 982 rue
837 909 1058 982 commendo.
1100 915 1234 988 stores,
1263 899 1428 988 Magistri
1448 909 1483 968 et
1507 893 1700 970 Auditores
1724 899 1768 968 ad
1792 917 1869 970 eam
1900 903 2098 973 testimonii

11 997 13 1096 i
78 1021 131 1094 llie
147 1019 208 1092 16.
228 1017 448 1110 Septembris
459 1011 509 1114 ').
1101 1001 1401 1076 renuntiationem
1417 999 1648 1084 conveniant,
1666 1013 1700 1070 et
1719 1013 1759 1070 ut
1775 1001 1953 1074 declarent
1979 1029 2019 1074 eo
2042 1005 2098 1074 of-

571 1112 764 1210 Philippus
782 1107 1008 1185 Melanthon.
1100 1105 1200 1188 ficio,
1234 1129 1271 1176 se
1291 1105 1409 1174 favere
1431 1097 1684 1192 Philosophiae
1707 1103 1854 1187 studiis,
1889 1127 1978 1196 quae
2004 1118 2097 1175 certe

1100 1207 1294 1278 necessaria
1317 1219 1401 1276 sunt
1422 1201 1618 1286 Ecclesiae,
1641 1216 1676 1272 et
1698 1204 1797 1272 utin
1823 1204 1886 1274 tali
1902 1207 2099 1299 frequentia

11 1365 13 1390 ,
1102 1311 1170 1400 ipsi
1186 1331 1328 1402 quoque
1343 1319 1424 1376 vota
1441 1305 1627 1374 nobiscum
1641 1303 1790 1390 iaciant,
1815 1319 1856 1377 ut
1871 1305 1966 1376 Deus
1974 1305 2099 1378 Eccle-

11 1395 13 1468 i
79 1443 122 1516 No
147 1445 247 1520 4350
901 1440 1057 1527 16.Sptb.
1102 1413 1189 1481 siam
1206 1407 1312 1482 huius
1328 1409 1431 1480 etiam
1449 1405 1572 1499 oppidi
1592 1419 1626 1476 et
1641 1399 1738 1476 hune
1755 1429 1896 1496 gregem
1910 1408 2100 1482 clementer

84 1497 260 1571 *⁰⁸⁶3
920 1537 1058 1566 Μ
1103 1525 1243 1584 tueatur
1259 1512 1488 1602 etgubernet.
1543 1507 1602 1580 16.
1616 1505 1834 1600 Septembris
1858 1508 1969 1584 1548.

813 1314 1050 1336 ....---·—---

407 1625 715 1716 Academicis.

11 1811 12 1824 ³
133 1789 237 1863 Scripta
254 1789 330 1864 publ.
349 1785 475 1844 Witteh.
494 1784 562 1842 ul.
580 1803 608 1858 p·
623 1787 684 1842 220.

11 1945 12 1984 l
108 1945 277 2026 Daunus
301 1937 466 2038 Collegit
490 1935 751 2112 Philosophici
773 1937 1031 2040 Philippus
1104 1877 1297 2006 Q
1718 1921 1721 1934 ¹
1921 1883 2100 2002 Q.

320 2125 323 2130 ,
375 2041 436 2130 M
439 2038 630 2115 etancht
675 2067 741 2116 ⁰⁰·
1373 2059 1524 2150 Ioaelu
1552 2061 1832 2150 camerario.

438 2169 717 2270 (Academica)
1171 2217 1258 2292 Epist.
1270 2219 1306 2276 ad
1322 2217 1432 2276 Gruter.
1446 2237 1474 2290 p.
1487 2217 1549 2274 607.
1565 2218 1620 2290 ted.
1636 2216 1724 2274 bend
1739 2217 1787 2272 lib.
1801 2217 1852 2273 lV.
1870 2235 1914 2289 ep.
1924 2218 2009 2288 idm.

11 2377 12 2382 ,
80 2297 185 2406 Saepe
202 2311 372 2384 recitatur
388 2301 633 2378 Pindaricum
652 2305 759 2375 illud:
785 2301 825 2378 ir
846 2297 975 2402 χρόνῳ
996 2328 1062 2399 με·

78 2411 223 2508 ταβοχαῑ
244 2406 421 2507 λήξαντος
443 2405 583 2504 οΰρῡῡῖ
605 2429 679 2476 ῃοῃ
694 2399 881 2477 hominum
903 2431 1063 2500 corpora,
1105 2365 1330 2456 Clarissimo
1356 2375 1434 2448 uiro
1459 2370 1661 2446 eruditione
1683 2383 1715 2446 et
1740 2373 1869 2446 virtute
1892 2375 2119 2473 praestanti

11 2573 12 2576 ,
80 2539 142 2584 non
163 2515 331 2608 imperia,
356 2534 431 2580 non
454 2513 634 2580 fortunam
661 2521 867 2600 perpetuam
884 2531 975 2595 esse,
1000 2511 1062 2578 sed
1130 2471 1374 2551 1⁰⁰⁰him⁰
1399 2469 1579 2596 Ca'm'g
1597 2469 1839 2572 Pabffi'msb
1857 2477 1984 2577 fratri
2005 2505 2074 2552 ⁸⁰⁰

79 2619 210 2686 tandem
223 2613 356 2686 mutari
373 2612 539 2682 destituta
554 2624 660 2680 vento
677 2611 844 2683 secundo.
894 2611 949 2678 Ac
963 2610 1062 2680 dccet
1498 2602 1709 2666 carissimo,

78 2719 209 2810 quidem
234 2715 448 2806 rogitatione
470 2711 712 2783 instabilitatis
742 2735 862 2782 rerum
888 2705 1083 2784 humana»
1106 2699 1154 2784 S.
1179 2713 1227 2786 D.
1277 2709 1357 2784 Etsi
1379 2713 1533 2784 libenter
1554 2714 1599 2783 ad
1623 2735 1686 2783 vos
1702 2709 2101 2786 Medicorumaudien-

11 2891 12 2910 ἢ
78 2843 148 2890 rum
167 2815 433 2890 commonefieri
456 2837 544 2900 nos,
567 2827 609 2886 ut
633 2814 672 2884 in
689 2811 789 2883 omni
803 2812 940 2882 actione
953 2815 1063 2883 simus
1099 2819 1234 2888 ‘dorum
1257 2837 1377 2888 caussa
1398 2815 1620 2907 proficiscor,
1646 2828 1766 2886 tamen
1791 2830 1936 2908 propter
1950 2818 2100 2888 alterum

11 2967 13 2976 ι
78 2922 303 2992 modestiores
313 2941 352 2989 ac
368 2929 568 2988 metuamus
591 2916 756 2984 adversos
770 2937 879 2986 casus.
931 2913 1000 2986 Sed
1019 2939 1064 2983 ne
1107 2917 1292 3010 negocium
1307 2919 1351 2988 de
1368 2941 1439 3012 quo
1455 2917 1599 3003 scribis,
1625 2930 1665 2986 ut
1682 2915 1841 3002 veniam,
1863 2941 2003 2987 caussae
2017 2932 2101 2991 sunt

11 3083 12 3090 ,
77 3037 211 3114 propter
232 3020 515 3113 desperationem
538 3039 684 3108 prorsus
706 3015 920 3085 obiiciantur
941 3039 1064 3086 omnes
1107 3020 1302 3110 graviores,
1327 3020 1423 3113 quod
1440 3019 1584 3112 quidem
1597 3029 1638 3088 ut
1664 3029 1761 3108 regat
1785 3031 1820 3088 et
1844 3019 1986 3090 adiuvet
2001 3017 2099 3090 Deus

78 3121 225 3209 labores,
255 3119 445 3192 necessarii
466 3119 570 3188 nobis
599 3129 633 3187 et
661 3117 877 3211 posteritati,
913 3119 1064 3188 tenenda
1107 3136 1270 3194 aeternus
1286 3135 1386 3211 pater
1406 3119 1545 3190 domini
1568 3119 1682 3189 nostri
1703 3117 1784 3188 lesu
1797 3113 1948 3204 Christi,
1974 3121 2101 3190 condi-

79 3239 122 3295 est
135 3227 242 3296 etiam
255 3221 463 3294 consolatio.
515 3217 581 3290 Est
602 3234 719 3289 autern
736 3214 918 3289 haecvera
940 3232 974 3289 et
990 3219 1066 3288 effi-
1108 3239 1165 3294 tor
1179 3217 1330 3294 humani
1348 3221 1504 3312 generis,
1529 3235 1563 3290 et
1585 3234 1688 3292 autor
1702 3220 1799 3290 illius
1812 3221 1967 3290 mirandi
1981 3225 2102 3292 foede-

78 3348 132 3396 tax
151 3325 369 3410 consolatio,
394 3347 550 3414 semper,
576 3321 681 3391 etiarn
704 3321 744 3389 in
767 3320 881 3390 ruinis
896 3321 1065 3412 imperio·
1109 3327 1158 3394 ris
1180 3337 1216 3396 et
1236 3323 1496 3394 coniunctionis
1511 3322 1689 3412 legitimae
1700 3322 1910 3412 coniugum,
1936 3339 1970 3393 et
1986 3338 2102 3394 custos

79 3441 314 3512 rum‚ta1nen
336 3447 538 3494 mansuram
563 3446 636 3493 esse
652 3418 847 3492 Ecclesiam
863 3417 941 3494 Dei.
992 3419 1066 3509 Nec
1108 3425 1284 3497 Ecclesiae
1297 3449 1398 3510 suae,
1423 3439 1498 3497 toto
1514 3448 1594 3494 euru
1610 3439 1752 3516 pectore
1768 3449 1843 3498 oro.
1895 3419 2014 3494 Adero
2032 3425 2124 3513 igis

79 3527 236 3600 destituet
254 3523 492 3598 beneventus
512 3527 707 3608 secundus,
731 3523 897 3594 videlicet
912 3523 1066 3616 Spiritus
1110 3543 1167 3599 tur
1180 3527 1255 3598 Deo
1277 3527 1438 3608 iuvante,
1464 3549 1561 3594 nono
1578 3523 1654 3599 Cal.
1670 3521 1850 3599 Octobris.
1902 3513 2102 3620 Crucigero

79 3646 228 3716 sanctus,
254 3629 386 3700 effusus
412 3651 453 3697 ex
471 3639 613 3718 pectore
630 3625 764 3694 aeterni
781 3625 897 3697 Patris
911 3639 945 3696 ct
962 3624 1065 3696 Filii:
1109 3644 1143 3702 et
1172 3629 1247 3700 eius
1278 3628 1421 3718 coniugi
1450 3628 1588 3720 placere
1618 3627 1824 3696 affinitatem
1855 3618 1973 3694 Pauli
2004 3627 2102 3698 scito.

79 3733 271 3826 etquidem
293 3731 346 3800 ibi
367 3751 535 3799 mansura
557 3740 609 3796 est
621 3723 779 3796 Ecclesia
800 3724 887 3814 Dei,
910 3727 974 3798 ubi
998 3752 1066 3798 vox
1108 3731 1204 3802 Haec
1219 3731 1263 3800 ad
1277 3743 1311 3800 te
1328 3727 1541 3822 scripsissem
1565 3743 1646 3799 ante
1660 3729 1728 3797 iter
1744 3752 1880 3813 meum,
1907 3731 1966 3796 sed
1983 3727 2100 3800 subito

79 3833 252 3903 doctrinae
275 3845 378 3902 sonat
403 3843 438 3899 et
458 3829 515 3920 pie
530 3828 739 3899 illustratur.
789 3825 866 3897 Hac
888 3851 947 3920 spe
970 3829 1067 3898 cola·
1109 3859 1190 3904 cnm
1211 3832 1377 3924 cepissem
1403 3831 1555 3902 scribere
1574 3832 1755 3900 avocabar.
1808 3825 1953 3898 Caetera
1971 3823 2102 3902 coram.

78 3955 149 4002 anus
163 3934 279 4004 studia
296 3932 496 4015 doctrinae,
522 3930 658 4000 etiarnsi
670 3951 767 3998 nunc
784 3929 879 3998 inter
894 3933 1066 4002 tumultus
1108 3933 1301 4006 Ecclesiam
1316 3929 1393 4003 Deo
1408 3957 1511 4002 curae
1526 3957 1598 4001 esse
1614 3956 1687 4000 non
1703 3931 1840 4005 dubito.
1877 3928 1954 4000 Hac
1969 3955 2025 4000 me
2040 3955 2102 4029 spe

78 4033 302 4125 imperiorum
318 4043 553 4125 spernuntur,
567 4045 601 4101 et
615 4031 719 4118 multi
733 4026 910 4122 prophani
925 4055 962 4102 ea
981 4035 1066 4102 ode·
1109 4047 1179 4107 nna
1204 4049 1379 4120 sustento,
1403 4030 1557 4103 humana
1581 4034 1752 4122 praesidia
1776 4045 1811 4102 et
1832 4033 1978 4102 consilia
1995 4058 2101 4127 quarn

79 4151 165 4207 runt.
224 4135 297 4208 Sed
320 4133 607 4218 meminerimus,
645 4133 684 4201 in
706 4127 772 4202 hac
795 4133 923 4202 militia
945 4147 1064 4204 nostra
1108 4141 1180 4212 sint
1191 4138 1331 4220 inania,
1355 4136 1461 4206 multi
1475 4135 1544 4206 iam
1561 4149 1707 4205 eventus
1721 4135 1961 4206 ostenderunt.

81 4237 176 4306 etiam
186 4237 400 4309 fortitudine
410 4257 499 4326 opus
508 4257 593 4320 csse,
607 4257 653 4303 ne
661 4233 763 4305 fracti
773 4235 1000 4324 perversitate
1008 4237 1066 4305 iu·
1207 4232 1366 4310 Rlsetieo
1380 4221 1528 4328 salutern
1540 4251 1642 4330 opto,
1662 4261 1766 4330 quern
1781 4236 1852 4305 seio
1870 4259 2030 4305 narrasse
2043 4231 2103 4306 hi-

79 4335 247 4411 diciornrn
262 4339 479 4410 cedamusde
494 4336 644 4407 statione
657 4336 926 4408 antdeseramus
944 4337 1064 4412 aciem.
1108 4343 1234 4414 storias
1248 4341 1393 4412 urbium
1411 4340 1611 4410 vicinarum
1626 4362 1708 4408 suae
1723 4337 1856 4428 patriae
1874 4338 2022 4407 minime
2045 4340 2104 4408 in-

81 4433 127 4508 hc
141 4441 186 4511 sit
200 4441 318 4525 infixa,
336 4439 464 4509 animis
479 4433 563 4508 haec
578 4435 768 4508 sententia:
796 4429 943 4518 ὅπόνος
956 4433 1065 4535 ἡμῶν
1108 4445 1253 4526 eundae.
1310 4439 1432 4514 Unum
1448 4437 1816 4536 Phucylidae'versum
1833 4439 1903 4508 iam
1928 4441 2102 4534 sapientes

80 4537 232 4614 odeiori
247 4537 406 4621 triennia
419 4534 560 4636 Κυρίῳ.
612 4538 760 4631 Semper
781 4535 958 4610 Ecclesiae
981 4561 1066 4634 pro·
1107 4547 1320 4618 didicerunt.
1447 4605 1451 4611 .
1489 4599 1492 4608 .

82 4641 149 4713 dest
167 4645 226 4736 pia
249 4667 318 4713 vox
341 4642 560 4725 multorum,
586 4663 675 4734 quae
690 4641 887 4714 doctrinam
903 4641 1065 4714 incorru-
1151 4669 1260 4764 „wop
1281 4670 1473 4759 205,pr
1493 4665 1569 4754 μήθ
1591 4665 1789 4736 &mmm
1808 4663 1977 4751 ἀνέμοισι,
2095 4681 2099 4699 =

80 4757 168 4834 ptam
183 4758 295 4819 sonat.
348 4742 469 4832 Quare
492 4755 527 4812 et
542 4742 649 4811 vestri
666 4743 826 4829 labores,
852 4743 915 4836 qui
936 4745 979 4814 ad
1001 4747 1066 4814 do-

82 4845 206 4916 etrinae
238 4845 544 4917 conservationem
574 4843 797 4930 conducunt,
848 4839 924 4915 Deo
964 4871 1068 4920 curae

84 4961 191 5022 erunt.
241 4944 429 5018 Faciamus
448 4945 557 5035 igitur
579 4967 703 5038 operas
724 4942 966 5032 scholasticas,
991 4943 1067 5018 Deo

85 5043 235 5130 iurante,
261 5063 315 5132 et,
340 5047 430 5118 sicut
449 5047 651 5118 institutum
668 5060 721 5118 est
734 5048 887 5134 utiliter,
912 5063 952 5120 ut
966 5051 1069 5123 certis

84 5149 295 5243 temporibus
308 5149 426 5222 studia
442 5147 642 5242 aliquorum
658 5147 909 5242 inspiciantur,
932 5163 966 5224 et
981 5156 1071 5224 den-

1109 4785 1162 4872 Ne
1179 4823 1241 4892 ego
1259 4797 1400 4892 quidem
1426 4818 1504 4864 sum
1522 4793 1745 4868 durissimus.
1795 4791 1866 4866 Sed
1889 4793 2104 4895 tarnen'rnn-

1098 4905 1177 4972 ,d'ns
1196 4901 1339 4994 quidam
1363 4910 1415 4967 est
1438 4897 1513 4966 eius
1538 4897 1601 4971 rei.
1651 4893 1759 4966 Plura
1775 4919 1904 4968 coram.
1951 4891 2053 4972 ,Bene
2070 4911 2105 4996 et

1111 5001 1259 5073 feliciter
1273 5001 1362 5071 vale.
1412 4995 1510 5068 Deus
1526 5011 1559 5069 te
1575 4993 1808 5070 etEcclesiam
1821 5009 1917 5064 tuam
1934 4995 2104 5080 domesti-

1113 5111 1188 5176 cam
1203 5115 1317 5192 servet
1329 5115 1364 5174 et
1377 5103 1559 5196 gubernet.
1610 5097 1708 5175 XVl.
1724 5095 1799 5202 Cal.
1816 5093 1947 5174 Octob.
1993 5179 2009 5196 ..

1672 5279 1863 5400 Philippus
1879 5281 2075 5404 Melanths

114 5401 239 5470 *lhlias
252 5403 396 5477 adscripsit
409 5422 474 5461 ann.
490 5404 566 5460 ¹548.
1521 5405 1575 5438 ιν·
1652 5414 1656 5431 =
1682 5420 1688 5434 ·
1714 5418 1718 5427 ·
1864 5407 1893 5433 ss
2071 5403 2074 5410 ’

89 5473 256 5550 lisama.
280 5485 384 5551 Orrn.
410 5483 584 5552 vonvlt
980 5531 982 5536 ,
1349 5479 1398 5552 10
