4642 5808
65 180 124 259 sos
521 107 549 280 ,⁵
615 173 1055 260 sersaonasuu
1103 175 1211 256 uta.
1239 174 1302 258 ει
1353 177 1488 258 reto.
1997 188 2074 264 soa

64 349 290 442 „sacrificulos
338 347 473 426 Contra
486 349 636 426 interim
651 355 809 426 retinent
825 375 908 426 suos
922 353 1032 424 mini·
1082 351 1264 437 „mitiora
1316 349 1412 444 Quid
1434 348 1631 448 inAuglio
1648 357 1877 432 constitutum
1894 359 1959 446 sit,
1981 383 2075 432 uon·

62 471 164 545 „atros
211 451 430 552 Hiperensis
452 457 635 548 respondit
654 453 871 550 Bipoutino,
894 481 930 528 se
955 481 1029 528 non
1082 453 1197 540 „dum
1219 455 1435 530 rescivimus.
1485 452 1758 546 Detdominus,
1783 476 1823 532 ut
1844 463 1924 534 istic
1943 464 2074 538 funda-

61 581 164 654 „posse
180 557 321 630 mittero
342 558 572 639 sacrificulos,
598 561 660 653 qui
681 559 883 632 ministrent
903 549 1030 634 saccan-
1079 555 1334 652 „mentaSyon
1348 557 1387 626 iu
1402 558 1531 632 sanctis
1544 561 1725 632 mentibus
1740 563 2072 660 suislirrniusquem
2121 640 2123 652 p

61 663 150 748 „dum
165 657 328 746 Interim,
354 681 434 730 curn
456 660 496 732 in
519 683 560 730 eo
578 662 750 754 quaedam
773 662 846 734 sint
871 661 986 732 aliena
1009 685 1028 730 a
1079 657 1239 744 „laetum
1254 674 1305 730 est
1320 661 1413 750 apud
1429 684 1494 734 nos
1511 661 1762 734 collocentur.''

63 761 222 849 „doctrina
239 775 274 833 et
287 753 416 834 ritibus
426 763 589 832 ecclesiae
598 757 790 832 catholicae
800 788 810 850 3
831 777 908 836 tum
923 762 1028 832 etiam
1180 756 1386 852 Scripsit¹⁰)
1401 755 1457 832 his
1472 762 1598 834 diebus
1617 760 1720 838 adl).
1737 759 1913 836 Iacobum
1934 761 1978 842 D.
1990 763 2074 838 Mi-

60 887 110 944 ,se
130 887 212 958 quos
231 865 387 936 mitteret
409 887 484 934 non
513 858 659 950 babere3
690 877 868 957 postremo
892 865 1028 936 etiamsi
1080 852 1188 930 chael
1198 854 1452 960 [Meienburg]
1480 865 1603 934 consul
1622 859 1888 956 Northusanus,
1911 867 1958 944 D.
1976 862 2073 942 Cra·
2152 947 2156 954 ,

59 961 208 1046 „baberet
230 989 320 1060 quos
342 964 516 1048 mitteret,
543 979 578 1036 et
601 979 718 1056 posset
747 991 806 1036 eos
827 989 891 1058 per
916 966 1028 1055 legio·
1080 957 1238 1055 sigerum
1266 967 1409 1035 taudem
1438 980 1621 1036 evocatum
1647 991 1720 1038 esse
1742 969 1779 1038 in
1804 971 1950 1042 domum
1972 996 2072 1042 suam
2101 1051 2104 1058 ι

57 1092 145 1148 „nem
165 1067 325 1162 mittere,
348 1079 466 1136 tamen
488 1091 577 1158 opus
597 1069 673 1138 fore
691 1068 836 1138 maioris
858 1067 1029 1140 cautionis
1080 1065 1284 1150 coelestem,
1319 1067 1413 1160 quod
1448 1067 1504 1136 illi
1527 1069 1670 1161 quidem
1698 1070 1869 1159 gratulari
1892 1072 2075 1160 debemus,

58 1194 132 1260 „pro
151 1169 239 1251 suis,
265 1183 306 1240 ut
326 1168 394 1240 tuti
409 1183 524 1242 essent
540 1169 585 1240 ab
600 1169 743 1241 iniuriis
756 1183 791 1242 et
805 1170 1029 1242 contumeliis
1080 1165 1231 1236 maxime
1253 1161 1320 1237 hoc
1346 1179 1504 1259 tempore
1529 1183 1563 1240 et
1589 1193 1736 1263 corpore
1762 1171 1838 1242 eius
1863 1173 1912 1244 sic
1937 1175 2074 1250 affecto.
2105 1179 2108 1188 '

56 1271 194 1362 „populi
246 1266 439 1364 Aliquibus
461 1269 635 1342 miseruut
654 1272 853 1358 ministros,
873 1272 1030 1366 papistac
1079 1263 1134 1337 De
1150 1281 1184 1337 te
1198 1293 1339 1362 quoque
1354 1271 1494 1362 scripsit
1506 1264 1630 1364 iquae
1645 1296 1710 1340 nos
1727 1285 1860 1345 terrent
1875 1297 1980 1368 supra
1995 1299 2074 1348 mo·

57 1372 280 1464 „praesertim
337 1366 397 1442 llli
420 1385 537 1444 autem
568 1385 678 1460 agunt
706 1386 778 1444 tam
808 1373 974 1445 ferociter
996 1386 1030 1442 et
1079 1367 1201 1456 tum'',
1234 1385 1268 1442 te
1291 1372 1440 1440 omnino
1474 1395 1599 1463 parum
1634 1376 1755 1458 edere,
1787 1370 1882 1446 nihil
1907 1377 2076 1464 dormire,

55 1475 191 1552 ,visunt
206 1487 279 1544 tam
295 1471 487 1564 flagitiose,
512 1487 555 1546 ut
574 1473 706 1546 alicubi
731 1475 860 1546 iterum
883 1475 1028 1546 eiician·
1079 1485 1213 1542 metum
1237 1494 1311 1542 esse
1330 1475 1374 1542 de
1390 1496 1547 1554 veneno,
1574 1499 1645 1566 quo
1664 1477 1828 1547 credatur
1850 1489 1883 1548 ct
1901 1469 2075 1574 Crucc'ge-

56 1587 145 1655 „tur,
178 1575 311 1647 alicubi
330 1575 434 1646 etiam
458 1599 548 1668 pene
564 1578 767 1668 rapiantur,
792 1578 1030 1668 undeuuper
1081 1595 1145 1641 rus
1167 1595 1241 1641 esse
1264 1575 1453 1644 conlectus.
1519 1569 1556 1644 Ο
1578 1572 1737 1661 Christe,
1773 1579 1932 1668 placator
1953 1581 2075 1670 patris,

55 1667 212 1754 „Pilatus
237 1677 381 1747 dixerit:
409 1677 468 1746 isti
488 1677 574 1748 mali
601 1673 763 1748 homines
793 1675 859 1774 (eo
879 1677 1030 1750 recitant
1080 1673 1203 1763 mitiga
1223 1669 1315 1744 hauc
1338 1676 1429 1746 iram
1449 1677 1488 1744 in
1512 1700 1577 1747 uos
1594 1679 1850 1751 severissimam
1872 1677 2074 1776 ue²⁰)tali-

54 1780 225 1872 „uomine)
251 1779 392 1870 explent
415 1779 501 1866 adeo
527 1781 651 1850 orbem
673 1779 747 1850 suis
765 1793 801 1852 et
816 1780 1030 1852 clamoribus
1080 1776 1147 1846 bus
1162 1775 1344 1847 doctrinae
1366 1791 1448 1848 tuae
1469 1779 1674 1851 custodibus
1694 1793 1728 1850 et
1746 1781 1979 1854 assertoribus
1994 1797 2076 1855 tan-

55 1895 106 1958 „ct
125 1880 279 1972 scriptis,
312 1895 352 1952 ut
376 1904 430 1950 res
458 1895 597 1952 nostrae
620 1881 855 1976 nonpossint
879 1882 1029 1952 restitui.
1080 1877 1195 1970 tisque
1205 1872 1256 1974 ²¹)
1287 1873 1590 1974 †misericordiae
1611 1895 1693 1952 tuae
1712 1882 1922 1975 pignoribus
1942 1885 2074 1978 spolie-

55 1975 115 2060 ,Et
136 1983 283 2052 omnino
307 1982 465 2064 confido,
493 1983 679 2054 dominum
706 1985 779 2054 suis
799 1978 1030 2054 Antichristis
1081 1977 1201 2052 mur.”
1250 1977 1415 2072 Collegae
1433 2003 1556 2050 omnes
1578 1983 1727 2054 salutem
1746 1999 1780 2057 et
1795 1985 2075 2059 consolationem

53 2083 185 2159 „diebus
217 2083 325 2152 finem
349 2084 453 2154 citius
477 2083 746 2178 impositurum,
777 2109 883 2179 quam
907 2107 1029 2155 omnes
1081 2080 1219 2150 domini
1241 2082 1456 2154 uberrimam
1479 2081 1546 2153 tibi
1561 2097 1596 2156 et
1609 2097 1743 2154 vestrae
1757 2081 1898 2158 scholae
1915 2101 1948 2159 et
1963 2090 2075 2160 eccle-

51 2179 275 2263 „Antichristi
290 2185 498 2256 existiment.
548 2184 636 2270 Hic,
658 2185 689 2256 si
710 2209 833 2256 verum
856 2187 916 2270 sit,
940 2181 1031 2278 Epi·
1081 2182 1172 2267 siae,
1198 2184 1402 2278 cunctisque
1415 2207 1536 2254 earum
1550 2185 1769 2256 administris
1784 2201 1858 2260 toto
1873 2192 1979 2260 corde
1995 2215 2077 2284 pre-

52 2309 206 2378 „scopum
226 2285 413 2358 instituere
428 2287 587 2376 collegia,
602 2287 755 2360 extincta
775 2301 826 2358 est
841 2289 946 2380 plane
963 2303 1031 2357 noz
1084 2297 1226 2368 cantur,
1247 2309 1399 2378 qrrorum
1414 2309 1459 2354 ne
1471 2309 1565 2356 unus
1582 2287 1744 2382 quidem,
1764 2303 1805 2360 ut
1820 2291 1979 2382 conlido,
1994 2315 2076 2363 rnu-

52 2400 136 2466 „stra
151 2383 291 2469 schola,
318 2402 374 2470 et,
400 2389 429 2458 si
443 2389 595 2460 formula
613 2389 677 2460 ista
694 2413 788 2460 nova
802 2391 1030 2484 reciperetur,
1081 2385 1207 2455 tatiani
1223 2387 1452 2460 doctrinaeet
1468 2389 1602 2458 rituum
1618 2390 1837 2466 assentietur.
1885 2383 2077 2489 †Recrca-

51 2511 129 2566 ‚snos
144 2489 302 2560 ministri
319 2490 423 2560 ctiam
438 2489 526 2560 alias
542 2515 752 2584 quaeremus
768 2493 885 2572 sedes,
901 2493 932 2562 si
949 2491 1031 2584 qui·
1081 2488 1161 2570 „vit
1181 2511 1247 2556 nos
1270 2489 1467 2579 plurimum
1490 2491 1605 2560 oratio
1627 2503 1663 2562 et
1681 2491 1873 2584 disputatio
1890 2493 2077 2566 clarissimi

51 2591 143 2662 „dem
165 2589 301 2662 licebit.
348 2587 503 2662 Evocari
526 2595 570 2662 ad
585 2605 728 2685 ,patrem
744 2591 918 2684 optimum
938 2594 1032 2664 soret
1082 2587 1180 2674 „viri
1203 2583 1430 2662 Maledictis
1456 2585 1636 2675 tonderi,
1679 2617 1766 2687 quas
1788 2593 1892 2664 nobis
1911 2595 2010 2668 misit
2030 2595 2077 2671 Β.
2158 2611 2160 2622 “

52 2692 265 2780 „proximum
289 2692 444 2764 exilium.
497 2689 595 2790 ln¹⁸)
616 2695 703 2764 locis
721 2689 855 2766 Christi
877 2695 1032 2786 patenti·
1081 2683 1298 2776 „Michaet
1350 2691 1487 2762 Harum
1514 2693 1658 2764 nominc
1681 2696 1850 2764 maximas
1861 2696 2078 2788 tibiagimus

49 2791 128 2870 ,bus
150 2818 168 2864 a
192 2794 343 2866 vinculo
364 2795 556 2886 impiorum
577 2791 768 2876 abhorreo,
792 2797 855 2866 sed
870 2791 1034 2868 Christus
1083 2793 1254 2882 „gratias
1310 2789 1527 2890 Baptistam
1555 2809 1716 2866 nostrum
1741 2799 1811 2869 τοῦ
1833 2796 2078 2896 ἐγκαυστικοῦ

51 2919 130 2968 „nec
142 2896 180 2964 iu
197 2892 259 2966 his
273 2897 400 2968 deserit
416 2897 621 2968 invocantes
640 2921 693 2980 se,
714 2898 779 2992 qui
794 2899 954 2970 vindicat
969 2921 1034 2991 pa·
1083 2896 1259 2979 „abduxit
1273 2889 1329 2965 his
1347 2897 1471 2966 ‘liebus
1485 2901 1550 2990 τῆς
1563 2891 1753 2992 βασιλείας
1767 2892 1935 2998 ἡγεμών,
1962 2889 2078 2971 Chri-

50 2996 191 3072 „tientes
215 2997 407 3082 iniuriam,
441 3011 475 3070 et
496 2999 603 3073 solvit
622 3001 771 3072 vinctos.
825 2996 875 3071 Et
893 3001 1033 3073 utinam
1083 2989 1333 3094 „stophoras;
1348 2983 1434 3090 picto
1450 3012 1568 3069 tamen
1583 2999 1684 3069 brevi
1700 2999 1881 3071 iterumeo
1893 3001 2078 3076 restitutu-

50 3099 238 3190 „respicere
271 3101 438 3192 dignetur
469 3100 606 3172 vinctos
629 3097 824 3172 Ulmcnscs
838 3097 900 3198 *),
943 3125 1033 3197 quos
1082 3151 1104 3183 „
1112 3121 1210 3179 rum,
1229 3123 1300 3194 quo
1309 3111 1453 3170 vocatus
1469 3115 1530 3174 est.
1556 3097 1665 3173 Recte
1678 3101 1772 3172 valet
1787 3103 1883 3196 quod
1898 3105 1943 3174 ad
1959 3103 2078 3196 ipsum

50 3202 283 3294 ,scripserunt
298 3203 443 3296 quidam
460 3201 665 3274 liberandos
679 3199 852 3301 invita(?)
868 3205 1035 3288 tonnula,
1084 3201 1239 3284 „attinet
1259 3204 1383 3272 sicum
1400 3226 1474 3272 non
1493 3213 1734 3274 conterrereut
1748 3204 1912 3296 publicae
1933 3207 2079 3276 calami-

51 3303 110 3382 ‚,ad
130 3328 240 3398 quam
266 3327 302 3374 se
327 3305 548 3378 obtulissent.
606 3301 710 3376 Alius
737 3319 853 3378 autem
883 3305 1033 3398 scripsit,
1084 3315 1211 3386 „tates
1262 3301 1415 3374 Uxorem
1433 3317 1549 3374 tamen
1563 3305 1667 3374 etiam
1684 3304 1802 3374 amisit
1817 3319 1898 3377 ante
1910 3331 2080 3396 mensem,
2153 3310 2160 3324 “

51 3427 123 3484 „eos
145 3407 298 3476 domino
323 3419 503 3486 constare,
530 3406 594 3500 qui
615 3409 798 3478 confirmet
819 3431 890 3482 eos.
942 3405 1041 3478 Gra:
1086 3455 1107 3488 „
1116 3428 1241 3474 verum
1274 3429 1364 3498 quae
1395 3405 1444 3477 ita
1467 3405 1591 3477 affecta
1618 3418 1692 3476 crat
1718 3430 1882 3498 corpore,
1916 3422 1958 3479 ut
1983 3404 2079 3480 nihil

51 3506 252 3586 ,vissimum
269 3507 363 3578 enim
379 3503 692 3580 vulnusEcclesiis
708 3509 928 3600 infligerent,
950 3509 980 3584 si
997 3531 1035 3578 se
1086 3505 1214 3591 „aliud
1236 3530 1302 3577 nec
1330 3509 1526 3598 optandum
1559 3532 1623 3578 nec
1658 3509 1870 3599 sperandum
1900 3509 1933 3579 ei
1962 3511 2082 3596 fuerit,

50 3607 177 3699 ,frangi
192 3623 421 3700 paterentur,
443 3633 636 3704 eorumque
652 3613 849 3703 exemplum
863 3635 961 3704 spem
976 3634 1036 3682 su·
1087 3632 1222 3702 „quam
1245 3609 1314 3680 cito
1339 3609 1487 3678 dissolvi
1510 3622 1544 3680 et
1564 3611 1608 3680 ad
1625 3603 1809 3680 Christum
1833 3611 1982 3685 evocari.
2035 3609 2080 3682 ln
2135 3647 2140 3656 =

50 3712 215 3800 ,peraudi
237 3711 450 3790 adversariis
471 3735 546 3782 non
569 3735 715 3806 parvam
737 3725 890 3804 augeres
947 3711 1034 3784 Per·
1085 3704 1187 3796 „boc
1202 3711 1333 3801 optimc
1348 3711 1440 3780 valet
1462 3734 1597 3782 summa
1614 3711 1837 3780 ecclesiarum
1859 3711 1897 3780 in
1914 3713 2082 3786 omnibus

51 3811 195 3892 „durum
212 3827 280 3900 est,
292 3814 450 3884 vinctum
464 3813 580 3886 teneri
594 3817 687 3906 apud
699 3811 764 3886 hos
778 3810 959 3902 homines3
974 3814 1036 3886 scd
1085 3865 1107 3897 „
1115 3812 1321 3882 consolatio.
1345 3809 1473 3882 Finem
1485 3813 1628 3884 tandem
1644 3811 1734 3882 facio
1749 3812 1938 3886 scribendi.
1966 3810 2082 3906 Agere

51 3915 152 4006 aquid
168 3917 308 3988 durum
324 3917 433 4002 adeo,
457 3917 555 4010 quod
570 3940 646 3986 non
670 3917 748 3990 leve
761 3919 888 3992 reddat
904 3940 1037 3988 nomen
1088 3913 1216 4000 „enim
1232 3927 1367 3999 tecum,
1392 3914 1591 4010 vel‘quovis
1606 3913 1712 3984 modo
1721 3967 1732 4000 ,
1756 3913 1954 3986 molestiam
1969 3919 2082 3989 enimi

50 4016 207 4094 „domini
222 4017 341 4090 nostri
354 4015 433 4090 Iesu
447 4012 607 4092 Christi?
1086 4015 1260 4104 „mirifice
1275 4013 1403 4086 levat.''

162 4163 214 4236 Η.
268 4163 362 4237 serm
463 4163 559 4236 idam
581 4161 757 4235 Misnemi
806 4167 829 4236 d
878 4165 888 4185 .
925 4166 937 4236 ἰ
1001 4190 1036 4236 m
1188 4114 1366 4236 Dominus
1381 4113 1478 4187 lesus
1493 4116 1586 4237 levet
1600 4129 1635 4188 te
1648 4129 1684 4188 et
1697 4139 1762 4188 nos
1771 4112 1823 4216 ²²)
1839 4142 1961 4208 omnes
1982 4121 2083 4193 omni

136 4219 158 4252 ’²
203 4187 239 4238 ¹⁶
363 4187 463 4258 ‘qu
759 4187 775 4236 ³
833 4189 924 4238 um
940 4191 999 4239 “¹¹¹
1086 4218 1268 4305 molestia,
1301 4231 1336 4290 ct
1357 4241 1420 4289 sua
1441 4219 1583 4289 coelesu
1606 4219 1848 4291 consolatione
1868 4247 1974 4316 qrram
2005 4224 2083 4316 ple-

50 4287 243 4349 ,carcerem
261 4267 470 4339 sustinuisse
484 4266 565 4359 plus
584 4267 631 4340 16
646 4265 770 4349 annis,
794 4269 894 4339 nulla
910 4269 979 4340 alia
994 4271 1038 4340 dc
1117 4321 1126 4339 .
1164 4320 1173 4337 .

50 4391 188 4455 scama,
214 4391 325 4464 quarn
346 4369 442 4464 quod
465 4391 540 4438 non
563 4368 640 4438 vult
662 4368 825 4440 abiurare
845 4370 1038 4442 vindictam
1088 4345 1232 4440 ¹¹¹⁵im¹⁸
1259 4313 1421 4440 sicmil-
1462 4317 1561 4391 Idem
1582 4311 1705 4392 mmm
1728 4323 2083 4448 pr⁰f⁰r.„⁰ff“³⁸¹¹⁶‘

53 4467 161 4549 „inter
175 4473 361 4564 principes
375 4483 519 4543 vestros.
567 4467 606 4540 si
620 4469 670 4538 sic
686 4483 800 4561 potest
817 4474 945 4542 durare
960 4473 1038 4545 dia·
1088 4437 1171 4495 Μ’
1186 4423 1305 4493 verbm
1317 4413 1590 4508 D'Pmm'w’
1614 4415 1857 4519 'l'D‘M⁰¹⁰”
1880 4473 1891 4506 ⁹
1915 4421 1967 4500 M·
1979 4415 2084 4497 Pau·

54 4571 172 4650 ,bolus
185 4595 274 4644 snos
288 4585 477 4668 martyres,
502 4571 692 4642 sustinebit
711 4571 816 4644 etiam
831 4595 914 4644 suos
928 4587 1038 4645 secta·
1088 4523 1144 4612 [θ’
1169 4522 1214 4598 D·
1229 4515 1419 4598 mimi&
1469 4521 1567 4594 Bene
1582 4525 1671 4597 ⁹³¹⁸·
1727 4525 1786 4600 ¹¹·
1801 4523 1877 4600 1³¹¹·
1896 4513 2006 4600 1549·

51 4681 157 4752 „tores
172 4670 343 4748 Christus
359 4673 554 4744 invocatus.
604 4669 742 4760 Habes,
768 4689 808 4747 ut
828 4699 894 4748 nos
916 4677 1038 4748 visita-

52 4797 146 4854 ,mnr
160 4801 181 4848 a
194 4771 345 4849 Christo
358 4776 485 4848 merito
499 4786 634 4847 nostro.
687 4773 832 4850 Utinam
853 4791 892 4849 tu
905 4777 1038 4850 scribas
1122 4781 1167 4852 19)
1184 4779 1237 4836 nte
1250 4778 1350 4834 ionum
1365 4777 1461 4852 {respic
1474 4784 1561 4831 cerrus
1574 4776 1734 4849 impressae

1120 4867 1167 4936 20)
1183 4865 1231 4934 ue]
1247 4863 1319 4919 edidi
1332 4881 1381 4934 pro
1392 4863 1438 4932 in,
1452 4859 1528 4935 qnod
1542 4859 1621 4918 babet
1633 4861 1697 4918 cod.
1712 4859 1846 4919 Momm.

1102 5018 1105 5029 ἱ
1121 4953 1168 5021 st)
1184 4950 1297 5006 Horum.
1310 4948 1409 5004 tantu.
1604 4951 1609 4959 '

1121 5039 1169 5112 ss)
1188 5035 1300 5094 aaa..
1311 5049 1373 5089 aas.

81 5069 460 5202 ΙΒὲῇἑὲηιαγεεςεεᾶιιπι
477 5070 582 5145 putari·
616 5069 649 5125 ln
668 5068 781 5128 codices
806 5071 928 5126 exilium
948 5069 980 5122 ia
996 5069 1036 5121 to·

82 5225 106 5296 Ι)
121 5227 210 5282 Videt.
228 5225 458 5298 musaeum,
494 5221 664 5310 uosnsasm
680 5221 905 5348 ”3!‘¹⁰:¹.'‘⁰¹!¹¹‘.
918 5221 1039 5306 sbdure-

111 5291 456 5438 ᾙὲεζὲῗεὶῗιέιβ.
518 5305 564 5350 rtn
583 5293 650 5355 lus.
673 5309 768 5350 enne
799 5311 821 5348 ιε
839 5294 957 5359 demisit,
974 5310 1037 5350 cunr

123 5465 143 5510 Δ

61 5435 121 5509 lin
145 5467 225 5512 rrrr.
243 5441 350 5511 osen
374 5441 459 5510 Vos.
474 5437 551 5508 vn.
