4670 5808
237 269 313 346 868
802 255 1241 338 EPISTOLARUM
1290 261 1400 344 tte.
1425 263 1511 340 ΧΠ.
1563 263 1697 346 rost.
2203 273 2272 348 864

241 447 301 512 mo
315 443 412 512 fonte
426 435 634 530 sapientiae,
659 431 759 504 audit
771 427 905 504 Filium
921 431 1008 521 Dei,
1032 431 1227 528 Prophetas
1279 438 1371 523 lore,
1395 437 1531 531 inquit,
1555 431 1738 510 [usioses
1755 433 1935 528 Domine,
1959 449 1993 514 c'l
2011 451 2146 514 rectum
2170 441 2271 514 iada·-

240 558 277 614 et
299 537 505 636 Apostolos,
538 551 572 608 et
592 535 824 606 inenarrabili
847 536 981 608 laetitia
1001 536 1078 608 Deo
1099 537 1228 628 gratias
1280 537 1375 611 cium
1390 547 1503 608 laum.

240 645 326 732 agit,
341 645 434 738 quod
450 642 518 711 cito
534 639 573 708 in
589 635 684 708 bunc
698 649 836 707 coetum
853 639 939 708 etin
955 633 1047 708 hanc
1062 635 1230 732 pulcher·
1381 640 1526 734 Semper
1543 641 1714 733 sapientes
1728 641 1848 711 mirati
1864 657 1967 726 sunt,
1992 669 2056 716 cur
2070 660 2168 718 tanta
2181 649 2270 716 mole

240 747 366 818 rimam
380 741 604 814 Academiam
629 741 802 809 abductus
826 740 890 823 sit,
915 741 959 810 dc
979 765 1048 833 qua
1071 741 1230 832 eogitan-
1280 767 1530 814 aerumnarum
1546 760 1692 814 onerata
1712 743 1757 814 sit
1772 743 1948 814 imbecilla
1965 741 2153 816 bominum
2171 763 2271 817 natu·

240 863 291 920 tes
305 873 369 918 nos
387 867 527 940 quoque
544 857 625 921 mtox
646 842 786 912 evolare
808 866 847 911 ex
864 837 932 910 boc
949 867 1086 913 carcere
1107 843 1231 912 malle-
1281 870 1331 916 ra.
1382 843 1450 916 Sed
1469 869 1552 924 uos,
1580 847 1641 938 qui
1659 845 1788 916 scimus
1803 869 1928 915 causas
1942 847 2116 918 divinitus
2145 853 2273 940 patefa-

239 973 329 1023 mus.
608 943 615 964 ⁸
1281 961 1372 1029 ctas,
1402 948 1684 1038 obtemperemus
1706 947 1829 1015 divino
1854 947 2019 1032 consilio,
2051 965 2088 1019 et
2119 953 2271 1018 remedia

340 1044 458 1136 Auget
483 1047 629 1118 fortasse
655 1046 817 1115 dolorem
842 1057 962 1128 tuum,
998 1044 1161 1135 cogitatio
1186 1047 1229 1116 de
1282 1047 1455 1118 divinitus
1470 1062 1665 1120 monstrata
1685 1061 1877 1123 teneamus.
1929 1045 2025 1120 Haec
2050 1063 2170 1120 autem
2198 1073 2272 1122 curn

239 1149 352 1244 ipsius
374 1147 535 1239 iugenio,
568 1146 786 1227 eruditione,
819 1145 967 1226 virtute,
1001 1160 1036 1218 et
1067 1147 1229 1218 dulcissi·
1282 1149 1442 1238 colliges,
1475 1163 1511 1221 ct
1531 1145 1601 1220 hoc
1620 1149 1854 1220 domesticum
1876 1151 2075 1244 exemplum
2099 1153 2167 1222 tibi
2195 1179 2273 1246 pro-

239 1277 333 1324 mam
351 1253 430 1321 talis
447 1251 510 1318 lilii
528 1251 818 1344 consuetudinem
837 1248 1024 1319 desideras.
1075 1248 1145 1320 Sed
1162 1245 1231 1318 hoc
1281 1253 1418 1344 ponito.

240 1355 357 1446 ipsum
373 1355 479 1422 decus
501 1351 660 1420 minuere
678 1351 812 1419 luctum
834 1351 948 1420 debet.
999 1349 1095 1438 Quia
1117 1365 1152 1422 et
1173 1346 1230 1420 bis
1383 1352 1422 1424 Si
1436 1353 1578 1446 quando
1594 1365 1758 1422 evocatus
1772 1373 1911 1420 menses
1922 1350 2063 1446 aliquot
2084 1376 2231 1444 peregre
2255 1379 2272 1422 a

239 1453 611 1524 virtutibussciseum
635 1451 673 1519 iu
698 1447 765 1520 boc
789 1452 888 1520 brevi
909 1452 1086 1522 curriculo
1109 1453 1231 1521 multis
1281 1453 1415 1524 familia
1445 1456 1526 1524 abes
1558 1455 1651 1546 apud
1681 1455 1842 1522 insuaves
1874 1445 2056 1536 homines,
2090 1455 2272 1524 leniuntur

240 1557 434 1651 profuisse,
460 1577 524 1622 nec
545 1553 652 1623 fuisse
675 1553 802 1622 inutile
816 1576 908 1622 onus
923 1566 1047 1636 terrae.
1097 1553 1231 1624 Vidisti
1282 1555 1441 1626 molestia
1467 1568 1502 1625 et
1527 1555 1741 1625 desiderium
1768 1576 1828 1646 spe
1854 1554 1988 1624 reditus
2010 1557 2054 1624 ad
2078 1567 2170 1628 tuos.
2225 1555 2272 1624 lta

240 1655 441 1730 testimonia
455 1655 595 1746 pietatis
611 1653 763 1723 lucentis
787 1655 826 1722 in
841 1654 934 1736 vita,
957 1668 992 1725 et
1009 1657 1047 1724 in
1063 1647 1130 1725 hoc
1147 1677 1231 1744 ago-
1282 1681 1379 1727 nunc
1405 1657 1619 1727 desiderium
1641 1657 1732 1725 seras
1748 1655 1960 1739 modestius,
1983 1657 2066 1748 quia
2092 1657 2272 1750 aliquanto

240 1783 307 1845 nc,
333 1783 424 1852 quae
452 1759 685 1826 ostenderunt
706 1757 809 1829 initia
830 1755 989 1824 coelestis
1013 1757 1106 1826 vitae
1129 1757 1167 1824 iu
1191 1781 1230 1826 ea
1281 1771 1363 1852 post
1385 1757 1423 1826 in
1442 1757 1503 1826 illa
1519 1753 1758 1849 pulcherrima
1780 1753 1969 1826 Academia
1994 1757 2137 1827 coelesti
2162 1759 2272 1825 filium

240 1884 384 1932 accensa
398 1859 516 1938 fuisse,
534 1872 568 1928 et
584 1852 677 1926 hanc
689 1857 764 1926 eius
778 1857 1024 1945 migrationem
1039 1859 1147 1928 fuisse
1163 1859 1231 1928 iter
1284 1883 1405 1931 narsus
1428 1860 1692 1951 complecteris,
1718 1858 1916 1950 etquidem
1943 1869 2108 1928 ornatum
2137 1855 2272 1928 bonore

241 1965 286 2032 ad
311 1959 469 2032 coelestis
492 1953 669 2028 Ecclesiae
692 1959 994 2033 consuetudinem.
1046 1955 1122 2028 lmo
1139 1985 1230 2052 quo·
1282 1961 1538 2053 splendidiore,
1564 1985 1669 2052 qrram
1686 1973 1768 2028 suut
1785 1955 1821 2026 lii
1839 1961 1986 2046 gradus,
2010 1959 2177 2030 videlicet
2200 1961 2273 2029 lure

241 2065 306 2136 ties
328 2060 412 2132 haec
445 2061 509 2130 filii
532 2075 738 2130 ornamenta
770 2059 956 2146 cogitabis,
989 2061 1118 2148 gratias
1152 2085 1231 2150 ages
1284 2063 1405 2133 divina
1446 2077 1479 2132 et
1523 2063 1730 2131 collocatum
1766 2061 1803 2128 iu
1836 2083 1961 2149 agmen
2003 2055 2275 2152 Prophetarum,

239 2162 337 2246 Deo,
364 2164 424 2256 qui
447 2161 637 2232 declaravit
660 2183 697 2228 se
716 2174 750 2231 et
772 2162 837 2230 tibi
853 2173 887 2230 et
902 2161 971 2251 ipsi
988 2163 1124 2239 favere,
1150 2185 1230 2231 cnm
1284 2159 1557 2255 Apostolorum,
1579 2177 1612 2232 et
1628 2177 1865 2246 caeterorum,
1891 2162 1953 2254 qui
1969 2162 2073 2231 laude
2090 2163 2272 2232 doctrinae

240 2263 326 2336 haec
348 2265 386 2333 iu
403 2288 484 2334 eum
506 2263 657 2333 contulit
673 2287 839 2341 munera,
866 2286 955 2352 qriae
979 2263 1051 2334 siut
1071 2263 1231 2332 omnium
1284 2266 1493 2338 floruerunt.
1547 2263 1600 2332 lbi
1625 2289 1695 2334 tina
1719 2263 1844 2334 vivetis
1869 2263 1906 2330 in
1934 2265 2033 2333 omni
2059 2265 2274 2346 aeternitate,

240 2391 389 2440 summa.
439 2361 503 2435 Est
517 2365 612 2432 euim
630 2377 746 2452 gratae
763 2364 998 2446 mentis,nou
1014 2377 1152 2436 tantum
1168 2365 1232 2433 ad·
1282 2367 1437 2436 fruentes
1457 2379 1645 2456 conspectu
1659 2363 1744 2448 Dei,
1769 2380 1802 2436 et
1819 2364 2030 2432 dulcissimis
2052 2367 2276 2434 sermonibus

239 2491 357 2546 versa.
377 2467 438 2535 sed
456 2465 561 2534 ellam
576 2465 742 2533 beneficio
757 2465 946 2538 recordari·
1283 2463 1437 2552 Christi,
1463 2462 1719 2558 Prophetarum
1734 2480 1767 2534 et
1783 2463 2046 2554 Apostolorum.
2098 2465 2204 2536 Hanc
2220 2491 2276 2533 ae-

343 2565 434 2639 Cum
447 2568 555 2658 igitur
572 2566 680 2650 scias,
706 2580 740 2636 et
762 2565 938 2636 voluntati
960 2565 1027 2636 Dei
1049 2568 1233 2657 obtempe-
1284 2571 1483 2640 teruitatem
1509 2571 1711 2640 intueamur
1734 2567 1771 2636 in
1796 2561 1861 2636 hac
1883 2589 2091 2636 aerumnosa
2116 2569 2274 2658 peregri-

240 2672 394 2742 randum
410 2692 501 2750 esse,
526 2667 587 2760 qui
605 2667 703 2736 iubet
724 2668 898 2736 moderari
916 2669 1076 2754 dolores,
1098 2681 1132 2738 et
1157 2667 1231 2736 lilio
1283 2672 1448 2754 natione,
1473 2684 1640 2762 tanquam
1663 2681 1812 2744 metam,
1839 2682 1872 2736 et
1893 2667 2020 2738 fortius
2039 2663 2103 2737 has
2117 2669 2275 2737 miserias

241 2768 336 2842 nihil
356 2770 439 2839 mali
452 2769 616 2839 accidisse
631 2768 861 2839 iudicandum
876 2769 940 2854 sit,
966 2765 1095 2840 harum
1111 2793 1233 2840 causa·
1283 2773 1454 2856 feramus,
1480 2773 1562 2863 quia
1585 2785 1619 2840 et
1642 2771 1748 2838 breve
1769 2769 1983 2838 ctrrriculum
2001 2783 2072 2853 est,
2097 2785 2131 2839 et
2157 2773 2202 2838 ad
2230 2771 2276 2836 il-

241 2898 322 2946 rum
334 2871 546 2961 cogitatione
563 2869 734 2962 paulatim
751 2883 785 2940 te
799 2871 942 2960 erigito,
957 2885 991 2940 et
1004 2873 1160 2942 moerori
1175 2895 1232 2939 re·
1284 2875 1353 2944 lam
1376 2874 1635 2954 aeternitatem,
1660 2871 1700 2940 in
1722 2893 1791 2962 qua
1816 2869 1985 2960 sapientia
2008 2883 2042 2940 et
2057 2872 2192 2940 iustitia
2210 2869 2275 2940 Dei

241 2987 409 3069 pugnato.
465 2969 654 3043 Moventur
668 2971 772 3042 ctiam
787 2971 897 3041 animi
911 2968 1097 3042 hominum
1115 2995 1230 3042 exem·
1282 2975 1461 3060 fruemur,
1487 2998 1562 3044 non
1579 2975 1622 3042 ad
1638 2973 1776 3062 fugacia
1790 2966 1895 3042 huius
1910 2971 2003 3042 vitae
2019 2975 2116 3042 bona
2141 2973 2276 3042 conditi

240 3077 320 3170 plis.
374 3073 468 3164 Quia
482 3075 613 3144 iustum
630 3073 787 3158 videtur,
801 3097 875 3143 non
891 3076 1055 3162 defugere
1072 3098 1231 3144 commu·
1284 3099 1417 3149 suiuus.

242 3179 302 3248 nia
316 3199 440 3258 onera,
465 3199 553 3268 quac
570 3175 670 3266 quasi
683 3175 863 3244 communi
885 3175 953 3264 legi
969 3177 1089 3266 generi
1105 3172 1232 3244 buma—
1384 3176 1485 3266 Quae
1500 3199 1580 3244 cum
1596 3175 1665 3244 tibi
1678 3173 1756 3244 viro
1771 3175 1874 3244 docto
1900 3185 1934 3243 et
1959 3175 2055 3242 bono
2085 3185 2169 3242 nota
2197 3173 2278 3252 sint,

242 3303 291 3348 no
319 3277 483 3368 imposita
504 3289 597 3344 sunt.
654 3273 797 3363 Quanto
825 3277 960 3346 tristius
993 3277 1230 3371 spectaculum
1283 3279 1424 3348 brevius
1449 3279 1494 3346 ad
1516 3291 1550 3348 te
1572 3275 1715 3368 scripsi,
1742 3299 1781 3346 ac
1807 3271 1922 3344 Deum
1945 3299 2026 3358 oro,
2052 3289 2093 3342 ut
2116 3274 2275 3342 etaniiui

241 3380 313 3449 suit
333 3379 456 3470 primis
482 3375 687 3468 parentibus
711 3377 873 3447 interitus
890 3373 998 3464 Abel,
1025 3405 1095 3473 quo
1120 3379 1231 3446 inter·
1283 3396 1316 3449 et
1350 3378 1508 3472 corporis
1542 3379 1633 3446 vires
1666 3375 1730 3448 tibi
1759 3390 1899 3464 augeat;
1948 3374 2149 3444 Meministi
2183 3375 2276 3442 enim

242 3482 355 3568 fecto,
381 3479 486 3548 simul
505 3476 871 3547 videruntEcclesiam
888 3479 1024 3550 virilem
1042 3481 1080 3549 in
1100 3504 1161 3548 sua
1178 3480 1232 3548 fa·
1283 3482 1438 3566 dictum,
1485 3475 1536 3548 In
1564 3475 1644 3575 ipso
1670 3499 1818 3561 sunaus,
1851 3473 2004 3546 vivimus
2028 3484 2059 3546 et
2085 3498 2278 3546 movemur.

242 3583 341 3674 milia
359 3581 545 3650 extinctam
563 3603 651 3646 esse:
678 3578 821 3669 Quanto
839 3576 877 3648 bi
892 3583 1071 3670 graviores
1085 3581 1230 3650 dolendi
1287 3581 1384 3654 Vale.

243 3707 362 3756 causas
381 3677 584 3750 habuerunt
601 3681 639 3747 in
664 3681 724 3749 illa
750 3682 862 3772 prima
885 3683 1077 3753 solitudine
1095 3683 1231 3772 generis

241 3781 410 3868 humani,
441 3808 546 3876 quam
570 3805 652 3862 vos,
688 3783 749 3876 qui
773 3783 945 3877 reliquam
968 3781 1104 3853 habetis
1128 3785 1233 3852 fami-

242 3887 349 3968 liam,
374 3885 411 3952 in
427 3909 494 3977 qua
511 3885 608 3974 signa
626 3899 709 3953 suut
732 3885 869 3974 pietatis
882 3909 954 3953 non
972 3885 1145 3954 obscura?
1185 3881 1233 3954 Et

243 3988 282 4056 in
299 3987 371 4054 illis
387 3985 525 4074 gemina
543 3985 689 4053 vulnera
703 3987 859 4058 fuerunt.
910 3983 1001 4055 Nam
1022 3987 1150 4055 scelere
1164 3985 1233 4053 im-

243 4087 295 4182 pii
320 4085 438 4156 fratris
464 4087 574 4174 magis
608 4087 915 4168 excruciabantur,
949 4113 1056 4182 quam
1089 4087 1234 4158 alterius

243 4201 368 4260 morte.

1296 3943 1361 4018 No.
1377 3941 1489 4018 4990.
1686 3965 1689 3972 ’
2134 3947 2166 4014 5.
2181 3945 2256 4008 Dec.

1289 4041 1501 4077 m

1574 4129 1640 4216 M.
1661 4127 1993 4245 Meieoburgs'o.

344 4288 533 4358 Innumero
569 4287 726 4375 exempla
760 4313 800 4356 ex
835 4285 997 4358 omnium
1031 4275 1234 4381 temporum
1356 4281 1716 4360 Epist.tia.v.p.sssaq.

245 4387 405 4461 historiis
438 4389 548 4480 repeti
576 4403 726 4476 possent..
791 4387 860 4459 Sed
894 4413 1012 4458 senem
1038 4387 1234 4485 Babylom
1288 4433 1531 4508 Michml.
1557 4433 1903 4529 Mei‘nburgio'
1928 4421 2092 4503 consuli
2110 4423 2281 4504 Narma-

246 4495 448 4584 episcopum
465 4484 730 4559 Antiochenam
752 4490 972 4575 intueamur,
998 4493 1055 4560 cui
1079 4507 1148 4562 tres
1171 4491 1236 4559 lilii

245 4617 266 4664 a
283 4593 454 4688 Tyranno
465 4588 582 4662 Decio
598 4583 763 4662 trucidati
781 4607 879 4674 siant,
895 4617 975 4660 cum
989 4592 1132 4683 quidem
1146 4605 1238 4662 asta·
1457 4657 1461 4667 ,
1502 4636 1507 4652 .

246 4711 324 4768 rent
341 4710 440 4786 pater
457 4707 491 4762 et
506 4701 635 4772 mater,
661 4720 725 4790 uec
749 4707 886 4762 tantum
903 4694 1025 4761 ‘oculis
1048 4695 1238 4763 crudelita-
1268 4671 1336 4758 ·S·
1364 4675 1409 4758 D.
1461 4681 1718 4784 {funestissimo
1749 4683 1821 4782 vir,
1853 4696 1888 4754 et
1921 4682 2034 4755 arnico
2069 4671 2283 4760 charissime.

245 4815 317 4871 tem
346 4797 567 4890 aspicerent,
593 4798 653 4862 sed
679 4797 782 4864 etiarm
807 4795 1044 4864 adolescentes
1067 4811 1137 4864 sua'
1152 4814 1237 4863 vote
1288 4786 1537 4884 ‚Nec'guerelas
1553 4790 1598 4854 dc
1621 4786 1819 4884 praeteritis
1835 4783 2035 4885 actionibus
2051 4779 2206 4881 scribere
2222 4805 2283 4850 vo-

247 4901 506 4970 coulirmareut.
565 4895 688 4963 Postea
714 4909 825 4964 mater
851 4897 1035 4986 spectatrix
1053 4898 1125 4966 fuit
1142 4896 1239 4964 necis
1260 4979 1261 4986 ἵ
1291 4891 1427 4984 lo,„ncc
1438 4890 1485 4968 oe
1503 4881 1745 4981 praesentibus
1759 4889 1864 4986 rebus
1877 4885 2099 4988 pprppuittere
2116 4905 2156 4950 ea
2173 4881 2283 4950 literis

248 5002 406 5087 coniugis
418 5010 486 5082 ,'·et
509 4988 688 5087 complexa
711 4983 863 5064 liliorum
888 5013 922 5066 et
942 4990 1261 5088 maritirco'rporal'
1294 5013 1452 5080 possum,
1479 5013 1567 5079 quae
1589 4998 1707 5057 co'rauu
1725 5011 1953 5078 exponerem,
1978 4983 2009 5052 si
2030 5007 2100 5052 una
2121 5005 2285 5052 essemus.

247 5103 309 5196 pio
327 5104 398 5169 ritu
414 5101 507 5168 eain
525 5098 839 5170 terramcoudidit.
1036 5115 1040 5123 ’
1075 5131 1078 5141 ·
1158 5115 1169 5139 ³²
1213 5119 1231 5150 ι.
1258 5127 1262 5159 t
1292 5091 1372 5160 Non
1390 5089 1534 5158 interfui
1552 5089 1709 5160 consiliis
1725 5089 1808 5157 belli
1825 5101 1905 5156 ante
1921 5108 2034 5155 annos
2053 5095 2283 5176 qvtatuor‚ct

275 5231 278 5240 ·
313 5205 316 5213 ’
348 5185 546 5292 Meministi
563 5211 597 5269 et
616 5187 1033 5287 lmperatorisMou'r-ioii
1045 5176 1261 5278 historiam,l
1294 5193 1403 5260 multa
1419 5207 1502 5260 tuuc
1520 5191 1729 5260 metuebam.
1779 5188 1865 5258 Post
1879 5189 1912 5255 id
1930 5185 2219 5273 tellumoptayi,
2243 5195 2285 5249 ut

247 5301 313 5394 qui
337 5287 857 5394 tacitus-spectatorfuititocib
875 5289 938 5366 lilii
958 5289 1261 5382 obtimini*
1292 5289 1378 5362 lmec
1400 5293 1546 5360 vulnera
1573 5289 1818 5368 modametippe
1835 5302 1957 5366 nostra
1975 5309 2106 5364 sanam
2128 5285 2285 5356 undere-

246 5410 320 5494 ·qtr‘e
343 5402 391 5466 ad
411 5396 893 5496 coniugemuteutiuu·esset,
908 5401 1051 5469 luctans
1071 5391 1153 5470 curn
1166 5392 1264 5476 ‘db-f
1296 5417 1383 5463 tntis.
1424 5389 1493 5463 Sed
1513 5391 1679 5483 utrinque
1696 5389 1806 5480 magis
1822 5413 1966 5460 accensa
1981 5385 2171 5466 stratoclia,
2209 5381 2285 5480 'Nec

1727 4561 1831 4610 sono.
1951 4548 1956 4561 “
