4684 5802
81 291 182 368 1149
444 325 449 338 ·
665 267 1549 366 nrrsronauounmnn.15⁵2.
2021 247 2192 350 riso.

503 453 670 558 Cogita„
767 467 770 481 ·
1133 445 1246 539 aliqui
1271 443 1361 516 lecta
1396 459 1517 516 nostra
1548 445 1695 537 epistola
1720 457 1828 518 erunt
1861 447 2128 530 constantiores,

1133 562 1195 618 aut
1228 547 1334 618 etiam
1368 543 1553 618 habebunt
1576 543 1750 644 δευτέρας
1771 543 1987 645 φροντίδας.
2039 545 2128 618 Tibi

1134 661 1252 718 autem
1273 649 1375 720 mitto
1398 649 1580 740 epistolam
1604 674 1718 724 meam
1737 654 1837 742 prius
1852 651 2057 742 legendam,
2083 663 2124 720 ut

1135 751 1288 834 iudices,
1299 773 1360 828 san
1374 750 1419 821 sit
1435 745 1645 824 exhibenda.

189 615 303 686 Filius
324 613 392 684 Dei
408 607 516 712 λόγος
539 613 687 697 dicitur,
713 611 798 705 quia
818 609 868 677 sic
889 608 1081 698 patefactus

86 733 158 802 est,
180 719 273 811 quod
290 717 329 785 in
347 715 523 786 creatione
541 739 605 807 per
622 739 703 783 eum
721 729 760 782 ut
780 703 895 808 λόγου
918 729 973 778 res
995 729 1082 774 con-

88 822 185 890 ditae
201 829 304 897 sunt,
328 819 416 886 etin
439 815 729 886 reconciliatione
753 837 817 904 per
841 833 922 879 eum
948 809 1082 898 patefa-
2206 897 2212 902 -

87 935 186 992 ctum
212 933 264 989 est
292 919 472 987 decretum
505 917 736 986 redemtionis
769 927 804 984 et
837 907 1082 982 restitutionis.
1237 883 1345 972 Mitto
1373 916 1408 973 et
1434 904 1631 994 exemplum
1658 927 1771 974 novae
1794 905 1961 976 editionis
1977 907 2060 976 libri
2083 909 2128 976 de

89 1016 160 1094 Sed
176 1035 227 1090 est
244 1020 359 1108 imago
378 1021 487 1090 totius
505 1020 626 1110 patris.
666 1015 748 1086 Non
766 1027 849 1084 sunt
862 1028 979 1082 autem
995 1009 1082 1078 ima-
1136 999 1287 1086 Anima,
1314 1003 1440 1097 inquo
1459 1005 1709 1095 praefationem
1726 1009 1768 1075 ad
1787 1007 2016 1076 frlium'tuum
2039 1009 2127 1076 scri-

88 1147 134 1213 go
153 1123 289 1212 integra
306 1121 415 1211 patris
433 1121 495 1190 illa
508 1121 651 1189 ‘decreta
669 1115 861 1187 creationis
875 1127 910 1184 et
923 1111 1083 1182 reconci-
1136 1104 1210 1196 psi,
1226 1127 1265 1174 ac
1282 1129 1346 1174 oro
1363 1105 1477 1174 fillum
1495 1105 1578 1190 Dei,
1596 1120 1636 1176 ut
1653 1119 1686 1176 te
1700 1101 1738 1176 el
1747 1121 1826 1176 tuos
1843 1123 1969 1180 servet.
1996 1107 2045 1177 Hi
2060 1133 2128 1179 no·

89 1224 261 1296 liationis.
313 1221 399 1292 ltem
417 1245 497 1291 cum
518 1221 699 1291 liberrime
722 1217 905 1288 conditum
932 1228 967 1282 et
987 1236 1083 1283 rece-
1136 1207 1200 1275 stri
1216 1207 1354 1278 labores
1372 1207 1530 1277 fortassis
1544 1207 1628 1277 satis
1644 1209 1849 1280 refutabant
1864 1201 2053 1280 Ostandri
2068 1236 2128 1282 ca·

90 1341 195 1418 ptum
220 1325 265 1394 sit
288 1345 398 1412 genus
421 1319 638 1407 humanum,
666 1321 847 1392 nonsatis
871 1330 924 1388 est
949 1317 1085 1399 docere,
1136 1307 1307 1391 lumnias,
1332 1332 1372 1378 ac
1392 1312 1579 1379 ostendent
1600 1303 1757 1381 honestis
1779 1321 1937 1382 nostram
1962 1311 2127 1382 volunta-

90 1427 205 1498 filium
228 1447 301 1494 esse
324 1425 386 1493 illa
407 1423 564 1509 decreta,
594 1423 676 1516 quia
701 1421 911 1494 liliumesse
936 1439 1084 1507 semper,
1136 1421 1207 1478 tem
1232 1410 1271 1478 in
1296 1409 1463 1482 iuvandis
1495 1412 1622 1482 studiis
1646 1411 1841 1482 dicentium
1874 1407 2060 1485 honestam
2094 1427 2128 1484 et

90 1527 329 1598 necessarium
346 1537 408 1595 est.
450 1523 556 1608 ltem,
570 1525 697 1595 usitate
715 1523 861 1594 dicitur:
889 1519 995 1588 simul
1012 1541 1084 1585 csse
1136 1509 1243 1578 fuisse
1259 1521 1293 1580 et
1309 1533 1393 1580 esse.

91 1651 261 1722 personas
292 1641 362 1697 tres
381 1627 435 1695 'in
461 1627 600 1695 sanctis.
660 1623 802 1712 Quaero
833 1645 904 1716 quo
935 1617 1086 1688 ordine?

46 1729 51 1742 ,
237 1730 245 1746 .
354 1729 363 1746 .
513 1728 561 1745 ..
632 1725 640 1742 .
675 1727 684 1742 .
741 1727 749 1744 .
829 1725 837 1740 .
1135 1705 1144 1724 ·
1238 1661 1293 1732 De
1316 1663 1409 1732 bello
1427 1663 1602 1734 Saxonlco
1627 1678 1766 1738 tanturn
1781 1661 1868 1735 hacc
1884 1667 2031 1752 scimus,
2057 1665 2128 1738 Co.

93 1729 316 1818 Auguslmm
331 1743 391 1809 ω’
411 1725 812 1846 Q⁰⁰l,¹,d¹⁰m¹tf¹,ffl¹¹¹¹¹¹
826 1747 865 1792 ¹¹¹
882 1723 1085 1842 ⁰,⁰¹'‘.l³.⁵³¹¹'
1137 1763 1259 1834 mitem
1284 1759 1496 1834 Volradum
1519 1777 1705 1856 occupasse
1721 1767 1797 1838 fere
1819 1779 1928 1838 tutam
1955 1769 2129 1839 ditionem

92 1845 243 1918 ctorum.
302 1829 442 1899 Suntne
465 1829 531 1897 filn
556 1843 590 1899 et
619 1841 764 1918 sprrrtus
788 1837 899 1894 sancti
922 1825 1064 1893 distinct

1057 1845 1084 1938 ,ὃ
1136 1853 1347 1958 Lycaonis,
1374 1867 1490 1956 ipsum
1504 1859 1718 1960 Lycaonem
1734 1870 1861 1938 abiisse
1882 1872 1925 1938 ad
1944 1867 2129 1940 Caesarem

93 1931 233 2002 officia?
284 1930 432 2023 Aliquid
450 1925 571 1999 dehac
588 1953 643 2012 re,
669 1929 707 1997 in
729 1929 845 2020 primo
863 1937 1010 1996 sentent.
1030 1925 1085 2040 dr·
1138 1967 1249 2038 aium·
1304 1963 1404 2054 Quid
1428 1971 1795 2062 posteamommssit
1826 1964 2041 2052 Volmdm,
2067 1997 2130 2040 va.

93 2035 213 2104 ἨΜ
239 2031 296 2105 ¹5·
321 2031 463 2103 dicitur·
520 2027 568 2100 El
592 2025 808 2100 A¹h³¹¹3⁵l¹¹⁸
838 2050 997 2118 ²¹P‘⁶⁵⁵⁰
1019 2039 1084 2144 ἔξω
1137 2067 1210 2136 riae
1224 2082 1308 2140 sunt
1325 2069 1558 2140 narrationes,
1584 2065 2013 2162 Nospraesidiahumana
2029 2071 2131 2142 nulla

94 2134 246 2222 Quoties
261 2125 393 2202 dicitur
411 2133 450 2201 in
466 2132 585 2226 aliquo
603 2155 677 2201 esse
693 2129 847 2221 Spiritus
861 2143 1010 2209 sanctus,
1028 2149 1085 2193 m-
1138 2163 1309 2238 hahemus
1351 2191 1392 2238 ac
1410 2168 1609 2240 551¹de
1630 2197 1773 2244 oramus
1816 2151 2130 2244 utgetvetssccle,

94 2235 272 2322 telligitur
293 2247 328 2304 et
350 2233 403 2304 ibi
421 2255 494 2302 esse
508 2233 675 2316 verbum,
702 2257 765 2324 per
788 2231 884 2326 quod
902 2233 1009 2300 datur
1023 2225 1085 2316 Sp.
1138 2270 1226 2340 siam
1242 2223 1363 2356 suasu,
1389 2284 1424 2342 et
1438 2295 1504 2342 no,
1518 2273 1557 2340 in
1572 2296 1622 2344 03·
1780 2228 1791 2260 ⁹

93 2337 132 2410 S.
184 2331 234 2404 Et
252 2349 286 2406 te
300 2357 449 2424 persona
470 2335 646 2426 loquitur,
673 2357 747 2402 non
762 2347 900 2403 tantum
918 2333 962 2400 de
977 2329 1084 2399 dono.
1266 2403 1271 2422 ,

93 2432 320 2508 Stancarius
353 2436 392 2504 in
418 2433 608 2505 Academia
640 2434 941 2508 Francofordiana
975 2429 1086 2499 movit
1240 2420 1348 2491 Mitto
1365 2423 1433 2495 tibi
1449 2425 1653 2494 fasciculum
1670 2423 1868 2508 literarum,
1894 2425 2131 2520 quasAngtns

93 2553 292 2621 certamen,
318 2549 353 2606 et
366 2538 549 2606 contendit
562 2531 746 2608 Christum
763 2548 901 2606 tantum
920 2557 993 2602 esse
1010 2555 1084 2599 me·
1138 2519 1282 2614 quidam
1301 2517 1467 2594 Sturmio
1483 2527 1632 2616 scripsit.
1652 2543 1657 2550 '
1686 2523 1846 2614 Quaeso,
1872 2543 1912 2598 ut
1934 2553 1996 2619 per
2019 2529 2133 2600 tabel-

93 2641 269 2711 diatorem
305 2639 399 2708 iuxta
436 2635 628 2708 humanam
660 2651 836 2711 naturam,
893 2631 973 2704 Etsi
1003 2645 1086 2701 sunt
1138 2621 1247 2692 larios
1272 2625 1362 2696 forte
1383 2627 1521 2698 oblatos
1549 2626 1824 2716 Argentoratum
1847 2631 1976 2703 mittas.
2033 2628 2134 2699 Bene

92 2743 269 2835 quaedam
297 2740 380 2809 talia
410 2739 501 2809 dieta
527 2741 565 2808 in
589 2737 843 2828 Langobardo,
877 2749 995 2806 tamen
1020 2755 1086 2802 nos
1138 2725 1336 2796 etfeliciter
1352 2727 1442 2800 vale.
1495 2727 1561 2802 Die
1580 2725 1747 2806 Brumae.
2060 2727 2064 2735 “

92 2842 393 2935 pronunciamus,
444 2853 517 2934 tres
563 2864 636 2909 esse
684 2843 814 2930 gradus
853 2835 1084 2908 ldiomatnm:

93 2943 281 3032 Quaedam
298 2941 365 3010 soli
382 2955 528 3010 naturae
544 2941 686 3015 divinae
706 2952 929 3032 competunt,
954 2953 1085 3020 utnon

92 3044 207 3128 mori3
235 3041 418 3130 Quaedam
432 3045 498 3112 soli
515 3038 710 3128 humanae,
736 3059 776 3114 ut
793 3065 893 3133 posse
907 3040 1018 3122 mori,
1034 3039 1086 3106 la-

93 3145 226 3226 cerari3
266 3142 463 3232 ‚Quaedam
485 3139 765 3234 toti'personae‚
792 3157 832 3212 ut
852 3165 927 3212 esse
952 3137 1086 3209 media-

94 3262 212 3319 torem
236 3258 270 3314 et
291 3246 518 3316 sacerdotem.
571 3243 752 3316 Mediator
773 3257 890 3313 antem
913 3265 986 3311 esse
1010 3264 1094 3322 non,
1138 3247 1203 3318 No,
1217 3246 1331 3324 5281,
1925 3309 1933 3316 ,
1960 3272 2018 3332 Η,
2036 3261 2132 3331 Doeb·

92 3360 230 3440 posset,
254 3339 562 3417 sihomotantum
587 3359 687 3416 esset.
739 3345 833 3435 Quia
857 3344 1085 3413 mediatorem
1150 3345 1320 3382 Ἡ*
1788 3429 1796 3438 ,
1960 3351 2130 3380 *³⁹

92 3461 238 3540 oportet
259 3447 363 3516 talem
388 3471 480 3532 esse,
518 3447 580 3541 qui
604 3447 787 3532 exaudiat,
826 3446 943 3518 videat
968 3444 1086 3528 corda,
1456 3451 1510 3542 L·
1539 3449 1812 3544 culmum

93 3549 213 3620 Patris
239 3561 274 3618 et
297 3561 429 3634 nostra,
481 3547 623 3638 Quaeso
639 3549 769 3640 cogites
786 3563 821 3619 et
834 3548 1016 3618 rescribas.

1831 2877 2032 2976 Philippus.
2143 2969 2146 2980 Ι

1240 3690 1333 3752 cotue,
1353 3681 1387 3738 lt.
1405 3699 1433 3754 p.
1452 3683 1512 3738 127.

90 3821 1084 3852 WQu---n--u--vffl

1135 3831 1349 3908 Reverendo
1368 3837 1465 3924 viro,
1491 3833 1694 3910 eruditione
1717 3849 1749 3909 et
1767 3840 1896 3914 virtute
1913 3845 2134 3938 praestanti,
2193 3901 2202 3918 .

1139 3935 1194 4014 D.
1223 3933 1489 4033 (Leondordo)
1515 3935 1798 4026 Culmunnv,
1833 3939 1977 4014 docenti
1998 3941 2132 4017 Euon-

91 4014 293 4144 Q·
909 4013 1105 4138 Q
1136 4037 1276 4136 gelium
1304 4041 1345 4110 in
1372 4039 1543 4114 Ecclesia
1571 4039 1650 4111 Dei
1673 4041 1713 4111 in
1741 4041 1882 4141 inelyte
1909 4043 2131 4139 urbeNuri-

1441 4141 1575 4240 berges,
1601 4144 1824 4233 auricomo,

262 4247 268 4268 ·
319 4229 446 4316 Hier.
476 4227 864 4338 Baumgurtneru.

1140 4273 1189 4360 S·
1217 4289 1260 4364 D.
1292 4279 1521 4360 'Reverende
1544 4287 1650 4359 viret
1672 4289 1783 4358 amice
1800 4290 1959 4364 colende.
2010 4289 2052 4361 ln
2070 4293 2131 4362 fti-

165 4407 272 4462 Edisse
289 4404 350 4460 ced.
364 4403 494 4458 Norint.
510 4401 539 4456 tn
554 4399 686 4460 structu
702 4401 854 4472 bertramo
873 4416 919 4470 suc
932 4403 1034 4460 statu.
1049 4403 1086 4457 n.
1139 4414 1224 4459 nere
1244 4413 1324 4458 meo
1348 4413 1442 4460 anno
1464 4391 1665 4480 superiore,
1691 4414 1771 4459 curn
1792 4392 1936 4461 dolores
1957 4417 2030 4462 raon
2054 4419 2131 4463 rire·

197 4495 223 4548 t·
246 4473 305 4528 ¹²⁶·
666 4489 673 4508 ‘
1139 4492 1275 4560 diocres
1291 4489 1410 4560 animo
1426 4492 1699 4573 circumferrem,
1713 4486 1780 4560 hoc
1792 4506 1910 4562 tamen
1923 4488 2012 4562 mihi
2027 4495 2131 4564 valde
2185 4541 2190 4562 .

92 4644 319 4722 Clarissimo
336 4643 431 4726 uiro,
456 4609 661 4740 supidntia,
685 4637 887 4715 eruditione
911 4649 942 4710 et
959 4639 1088 4712 uirtute
1123 4591 1333 4708 *iumipdum
1351 4605 1443 4671 ‘m'
1472 4593 1567 4710 ΨΜ
1583 4617 1661 4660 cum
1679 4593 1717 4660 in
1733 4593 1883 4711 *illatum
1899 4596 2043 4666 urbium
2057 4593 2129 4664 Εὖ·

922 4721 925 4728 ’
1139 4694 1272 4776 clesns,
1287 4705 1363 4762 tum
1383 4718 1465 4762 vero
1484 4717 1522 4762 ru
1538 4705 1652 4764 vestra
1670 4708 1811 4784 etprum
1829 4719 2040 4766 consensum
2054 4719 2129 4766 esse

91 4747 308 4847 praestanti
328 4743 382 4822 D.
407 4744 699 4839 ΗΜΓΜΥΜ
723 4739 763 4813 B
770 4769 792 4814 ⁰
801 4769 871 4840 md
879 4767 933 4813 Μ
940 4751 1087 4824 ‘nm'
1138 4794 1342 4864 docentium
1358 4789 1609 4876 animadverti,
1636 4807 1669 4864 et
1686 4795 1763 4864 vidi
1786 4797 1823 4864 in
1841 4797 1983 4887 publica
2005 4820 2128 4894 preca·

93 4849 273 4923 &naim
293 4846 454 4943 inclitae
476 4840 854 5018 ”0;ὐν’ῗεεῢξζώ”ἶαι’
880 4867 999 4915 “mm
1019 4869 1087 4916 ⁸¹⁴⁰
1139 4895 1234 4976 tione
1247 4917 1408 4985 magnam
1427 4895 1551 4988 populi
1573 4897 1827 4990 frequentiam,
1852 4897 1968 4966 etalio
1987 4897 2129 4988 pietatis

694 5002 704 5033 ἱ

1139 4997 1310 5066 exercitia
1345 5029 1347 5039 ·
1370 4995 1466 5066 Haec
1487 4999 1581 5068 bona
1604 5020 1739 5068 summa
1766 5017 1842 5068 esse
1857 4995 2013 5084 scimus,
2036 5023 2128 5092 quae

49 5131 54 5138 ·
92 5093 145 5180 S.
173 5103 222 5175 D.
273 5097 339 5172 Est
354 5097 504 5170 omniuo
520 5093 588 5168 Dei
600 5097 734 5166 domun
749 5095 937 5175 concordia
954 5097 1087 5165 docen—
1137 5099 1388 5178 tuendasunt.
1408 5100 1513 5170 etiam
1534 5122 1616 5170 cum
1638 5098 1706 5168 alia
1728 5101 1913 5169 commoda
1937 5123 2128 5191 corporum

90 5209 185 5288 tium
199 5219 233 5276 et
248 5201 536 5293 gubernantium.
575 5197 644 5270 Sed
662 5211 782 5270 tamen
804 5211 838 5267 et
853 5197 965 5267 nostri
980 5195 1086 5266 oflicii
1136 5221 1258 5290 pacem
1274 5213 1335 5270 aut
1350 5200 1535 5272 facultates
1552 5199 1759 5272 amittimus.
1811 5198 2014 5296 Veraenim
2030 5202 2128 5274 leva·

88 5321 165 5392 est,
190 5304 341 5394 collegas
354 5314 514 5374 amanter
536 5323 693 5374 monere.
746 5295 880 5392 Scripsi
907 5297 1018 5388 igitur
1039 5301 1085 5368 ad
1137 5299 1187 5370 tio
1205 5313 1258 5370 est
1274 5301 1459 5386 dolorum,
1475 5300 1748 5395 acquiescersiu
1761 5297 1938 5385 Ecclesia,
1956 5315 2126 5396 unquam

87 5402 368 5484 Culmannum.
390 5428 436 5476 ne
453 5404 644 5474 certamina
661 5413 814 5474 moveat.
832 5403 834 5410 '
864 5395 913 5470 Et
926 5399 1085 5472 fortassis
1112 5487 1117 5498 ι
1136 5401 1296 5494 inportu
1323 5426 1416 5489 ,eum
1433 5425 1555 5473 vocem
1571 5401 1732 5474 divinam
1746 5401 1934 5496 audimus,
1952 5417 1987 5478 st
2002 5427 2126 5500 preca·

1208 3609 1334 3668 Editus
1357 3613 1515 3686 apographo
1538 3611 1713 3692 aStrpdeb'o
1738 3613 1768 3670 iu
1791 3617 1807 3684 Ι.
1825 3617 1973 3688 Mittam
1997 3634 2043 3688 μη
2068 3622 2131 3680 tlte
2218 3637 2221 3649 '
