4684 5802
84 195 174 268 told
586 185 592 192 ’
651 191 1082 274 aatsrotaatttt
1131 195 1236 269 LIB.
1261 195 1342 276 ΧΠ.
1396 196 1529 278 15⁵2.
2019 206 2116 288 1014

79 367 121 438 ita
138 365 220 452 erit,
243 373 492 438 terraemotus
509 359 748 441 hanelantarn
763 394 884 445 rernm
901 369 1068 442 mutatio·
1118 367 1290 462 voluptati
1306 371 1382 452 iore
1398 393 1511 464 spero.
1560 371 1629 444 Fui
1644 395 1777 458 suasor,
1799 367 2113 452 uthinc'discede-

77 491 152 538 nem
182 469 437 560 significarunt.
503 465 577 539 Nos
606 471 718 542 lilium
753 471 839 559 Dei,
880 473 1066 543 dominum
1117 483 1188 556 ret,
1211 473 1296 568 qnia
1312 475 1389 544 lues
1401 476 1551 563 grassari
1566 478 1689 568 coepit.
1739 474 1959 550 lltsiderusn
1977 485 2114 575 positus

77 583 230 640 nostrum
255 568 284 644 Ι.
296 567 360 658 (1.,
392 593 534 641 oremus
556 585 596 642 ut
618 573 724 644 nobis
750 575 860 656 adsit,
894 589 929 646 et
953 587 1067 654 servet
1117 573 1309 649 denunciat
1328 598 1470 646 saevam
1496 578 1749 668 pestilentiam,
1783 581 1866 674 qula
1891 599 2112 674 compertum

77 666 198 740 horum
225 669 408 762 regionum
432 667 607 746 Ecclesias
632 688 666 746 ct
690 699 811 747 aarum
833 671 1003 770 hospitia,
1032 689 1067 746 et
1116 687 1168 743 est
1189 670 1266 758 hic,
1298 701 1378 746 cum
1405 691 1488 748 sunt
1508 681 1660 771 oppositi
1676 677 1864 755 Saturnus
1886 698 1919 756 et
1936 679 2056 756 Mors
2072 688 2111 757 in

77 771 177 844 lentat
196 797 337 864 poenas,
1115 768 1284 871 Aquario
1298 793 1332 850 et
1347 773 1482 864 Leone,
1508 783 1655 870 grassari
1671 783 1776 854 luem.
1827 782 1923 856 Deus
1937 789 2029 860 adsit
2043 813 2110 860 no-

170 873 240 944 Pro
262 874 417 966 piscihus
440 874 504 944 tibi
530 873 658 964 gratias
675 898 759 964 ago,
790 880 850 948 sed
866 879 999 968 gratior
1014 891 1066 948 est
1115 877 1181 947 lais.
1231 877 1421 974 Postquam
1439 879 1634 972 Imperator
1646 899 1680 954 et
1695 882 1772 957 Rex
1779 935 1792 970 ,
1819 884 1948 968 etDux
1965 883 2112 960 lodon-

75 975 306 1048 benivolentia
324 989 394 1070 ipa.
448 973 544 1045 Bene
562 975 649 1050 vale.
701 975 769 1048 Die
788 977 934 1053 7.lnnii
957 979 1065 1058 1552.
1115 972 1408 1052 nesFriderirus
1430 975 1960 1080 eeroipontsdiscosscruut,
1986 991 2109 1084 opinio

657 1073 725 1152 Ph.
740 1077 963 1154 Melanthon.
1115 1093 1166 1151 est
1179 1075 1401 1153 Bohemr'om
1416 1085 1502 1154 belli
1520 1109 1634 1157 arcam
1653 1088 1740 1162 lora.
1792 1087 1880 1160 lnde
1892 1091 2003 1183 igitur
2014 1087 2110 1164 'inlc-
2223 1105 2230 1114 '

1113 1194 1213 1252 retur
1234 1184 1367 1254 bellum
1390 1185 1555 1259 viciniae.
1605 1185 1684 1262 Oro
1705 1188 1837 1260 Filium
1853 1189 1937 1280 Dei,
1962 1207 2002 1266 ut
2022 1217 2110 1288 poe·

1114 1307 1178 1352 nas
1194 1284 1340 1376 mitiget.
1391 1286 1487 1359 Bene
1502 1291 1590 1363 valo.
1641 1287 1710 1360 Die
1728 1292 1764 1362 8.
1780 1291 1886 1364 lunii.

73 1436 134 1510 No.
152 1439 266 1514 5¹35.

79 1533 244 1570 m
630 1583 633 1592 .

398 1621 453 1706 Ρ.
482 1624 731 1712 Vincentio.

139 1786 158 1854 †
178 1782 216 1838 tta
230 1800 324 1858 apogr.
340 1781 370 1840 io
389 1783 451 1844 cod.
463 1782 550 1840 Paris.
567 1785 605 1842 D.
621 1783 653 1844 L.
666 1783 699 1842 51
707 1789 725 1844 1.

72 1935 122 2012 D.
150 1935 290 2012 Petro
318 1937 359 2016 V
364 1945 380 2012 i
387 1939 542 2014 iacenti
549 1967 586 2028 o,
617 1941 846 2046 gubernanti
865 1939 993 2016 alodia
1016 1943 1065 2016 li·
1388 1889 1440 1978 G·
1473 1891 1850 1980 Gummmladiffl

239 2051 400 2118 terarum
419 2043 457 2112 in
474 2041 614 2142 inclyto
630 2043 717 2116 arbe
730 2039 894 2122 Labeon.
1123 2129 1130 2136 ,
1183 2065 1269 2140 apat.
1288 2067 1337 2124 rra.
1351 2067 1386 2125 n.
1403 2087 1431 2141 a
1445 2067 1505 2124 sse
1524 2067 1583 2139 (aa.
1601 2066 1688 2123 cona
1706 2068 1753 2125 na
1768 2069 1803 2125 n.
1820 2089 1864 2143 ψ.
1876 2069 1958 2142 sm).

72 2175 120 2264 S.
144 2189 190 2264 D.
242 2189 339 2264 Tuas
363 2193 482 2268 literas
506 2205 540 2268 at
559 2194 721 2267 desidero
741 2207 776 2266 ot
792 2193 929 2285 flagit05
956 2219 1065 2290 quare

73 2293 169 2364 dabis
194 2293 376 2386 epistolam
399 2289 482 2366 huic
505 2295 650 2372 nuncio.
700 2293 769 2368 Die
789 2295 955 2368 vicesimo
974 2295 1066 2372 Maii

72 2409 405 2486 expugnatamanr
419 2397 458 2466 in
472 2395 633 2468 lancibus
646 2391 806 2490 Alpium,
830 2421 921 2492 quse
936 2422 1064 2470 novem
1116 2375 1163 2465 S.
1188 2391 1234 2468 D.
1285 2391 1474 2483 Magnifice
1496 2394 1553 2464 vir
1576 2406 1611 2464 et
1630 2403 1780 2486 patrone
1803 2397 1969 2475 colende,
2002 2394 2110 2466 Prae-

72 2497 284 2568 milliarihus
310 2497 417 2570 distat
446 2499 491 2568 ab
519 2499 670 2590 oppido,
712 2499 770 2572 cui
792 2523 924 2570 nomen
945 2514 996 2572 est
1020 2499 1066 2572 ab
1115 2497 1205 2566 dixit
1228 2497 1304 2590 ipsa
1324 2521 1392 2566 vox
1414 2497 1536 2566 divina
1558 2495 1681 2568 ruinas
1697 2495 1953 2588 imperiorum,
1985 2503 2019 2570 et
2035 2499 2112 2569 vult

72 2593 164 2666 Oeni
191 2612 319 2690 ponte,
351 2599 389 2668 in
411 2623 483 2692 quo
505 2599 639 2692 oppido
662 2621 773 2695 usque
798 2601 841 2672 ad
865 2599 904 2670 id
927 2614 1066 2692 tempus
1116 2621 1267 2670 noanon
1281 2597 1397 2687 frangi
1414 2597 1557 2683 dolore,
1583 2597 1643 2667 sed
1659 2610 1776 2688 petere
1793 2611 1829 2668 et
1844 2613 2025 2689 expectare
2041 2599 2111 2670 rni-

71 2699 136 2770 loit
159 2697 360 2792 Imperator
380 2688 555 2772 Carolus.
606 2697 659 2772 lta
680 2725 761 2772 arce
783 2715 950 2793 occupata
974 2701 1066 2774 Hes-
1116 2699 1321 2788 ligationem
1338 2699 1561 2792 publicarum
1579 2711 1613 2769 et
1629 2699 1846 2792 privatarum
1860 2700 2112 2773 calamitatum.

73 2801 183 2872 siacus
206 2801 378 2874 exercitus
400 2802 604 2894 properavit
626 2805 670 2873 ad
691 2795 944 2900 aniponlrm.
996 2803 1067 2874 Ve-
1115 2799 1219 2872 Hane
1247 2824 1311 2871 vos
1341 2799 1619 2872 consolationem
1650 2823 1752 2892 saepe
1782 2800 1914 2871 intueri
1940 2801 2112 2873 existimo.

73 2925 169 2993 spere
202 2904 274 2974 duo
307 2905 452 2988 fratres,
494 2901 690 2995 Imperator
721 2917 755 2976 et
787 2903 888 2994 Rex,
924 2905 1066 2996 cognito
1117 2901 1228 2972 Nobis
1251 2905 1296 2972 od
1319 2915 1470 2972 caeteras
1493 2901 1653 2970 miserias
1671 2901 1805 2972 accedit
1820 2895 1889 2972 hoc
1904 2903 2112 2993 periculum,
2185 2965 2188 2976 ,

74 2999 226 3074 hostium
253 3006 412 3074 adventu
437 3003 623 3076 discedunt
650 3029 690 3076 ex
709 3005 865 3100 oppido,
904 3020 939 3082 et
963 3021 1067 3080 nocte
1117 3008 1211 3098 quod
1228 3005 1347 3094 vagari
1365 3005 1439 3073 lues
1456 2998 1725 3093 inbocoppido
1742 3003 1867 3094 coepit.
1909 3000 1957 3074 Et
1973 3000 2030 3074 bic
2046 3029 2113 3074 an-

74 3109 223 3178 arduum
253 3118 410 3176 montem
438 3121 617 3198 superant.
681 3105 802 3180 Potest
831 3103 899 3180 hoc
926 3133 1067 3204 quoqne
1116 3129 1185 3175 nus
1208 3105 1506 3189 ordinatinem,
1541 3117 1575 3174 et
1590 3105 1747 3173 siderum
1765 3105 1918 3196 positus,
1946 3105 2009 3210 qui
2023 3107 2113 3177 solet

74 3205 252 3276 numerari
273 3207 367 3278 inter
390 3205 542 3296 insignia
561 3209 717 3300 exempla
734 3209 993 3282 inconstantiae
1009 3235 1067 3282 re·
1118 3209 1254 3277 adferre
1281 3208 1386 3280 lnam.
1453 3205 1644 3298 Propterea
1669 3207 1714 3275 de
1743 3229 1877 3277 secessu
1901 3207 2114 3278 Academiae

73 3331 149 3378 rum
172 3301 430 3387 humanarum,
458 3309 522 3378 etsi
547 3312 710 3382 nondum
731 3305 840 3382 huius
861 3312 1068 3384 conlusissi-
1118 3309 1351 3378 deliberatum
1381 3321 1444 3380 est.
1511 3303 1559 3379 Et
1591 3321 1732 3378 senatus
1756 3301 1959 3403 Tergensis
1983 3309 2114 3380 obtulit

72 3431 146 3478 mae
162 3409 538 3499 tragoediaefinisest.
570 3409 644 3482 Nos
660 3407 717 3483 laic
732 3427 765 3484 et
777 3414 912 3486 bellum
925 3428 960 3485 et
971 3415 1067 3485 luem
1118 3407 1331 3502 hospitium,
1363 3411 1569 3500 praesertim
1591 3435 1672 3480 curn
1691 3433 1905 3500 nonmagna
1920 3410 2112 3480 multitudo

73 3507 248 3580 timemus.
304 3505 461 3584 Oramus
476 3503 513 3606 11)
535 3526 653 3584 autem
669 3513 783 3586 filium
800 3512 888 3598 Dei,
913 3528 954 3586 ut
969 3515 1068 3586 miti-
1118 3535 1183 3581 nos
1197 3507 1265 3582 hoc
1280 3511 1366 3581 belli
1383 3525 1540 3604 tempore
1553 3511 1651 3604 aequi
1667 3511 1788 3602 possit
1833 3507 1979 3582 Accedit
1995 3525 2112 3580 autem

73 3623 126 3698 get
149 3609 312 3703 publicas
340 3625 375 3684 et
404 3611 560 3703 privatas
584 3615 756 3690 miserias.
813 3613 911 3691 Beue
933 3615 1012 3688 vale
1033 3630 1069 3688 et
1118 3611 1252 3684 Rector
1265 3615 1310 3683 ad
1327 3635 1401 3698 vos,
1426 3627 1467 3684 ut
1481 3613 1671 3683 consilium
1687 3625 1722 3681 et
1736 3611 1945 3684 senteutiam
1963 3625 2114 3682 vestram

74 3713 235 3788 rescribe.
287 3714 321 3786 7.
337 3709 444 3788 lunii.
1118 3729 1294 3808 sequatur.
1343 3713 1442 3788 liene
1458 3726 1493 3784 et
1508 3714 1657 3784 feliciter
1670 3713 1793 3793 valete,
1845 3713 2114 3789 Die10slunii.

765 3812 967 3912 Philippus.
1041 3881 1049 3888 .

1287 2237 1342 2318 D.
1368 2235 1573 2338 Georgia
1598 2225 1933 2315 Cum'a'rstadio

1119 4115 1310 4190 Nantua.
1955 4121 2096 4193 rantra.

84 4177 148 4249 No·
162 4177 276 4255 5184.
935 4201 969 4264 8.
986 4191 1056 4269 lun.
1126 4211 1297 4248 Μ
1939 4213 2109 4254 W*

77 4273 288 4315 Μ
422 4374 477 4464 L⁰
504 4377 716 4467 Mollem
928 4281 1064 4312 Μ
1226 4436 1230 4445 Ι
1371 4311 1473 4416 Μ.
1504 4309 1842 4420 Meiendargio.

1219 4485 1578 4562 mamupmm

137 4533 224 4603 Epist.
240 4531 288 4588 tib.
304 4531 340 4586 11.
357 4551 384 4606 p.
398 4533 459 4590 510.
480 4535 536 4604 (ed.
549 4536 639 4596 laontl.
656 4537 706 4599 lib,
716 4539 752 4596 ll.
769 4557 812 4612 ep.
824 4541 907 4611 aaa).

289 4687 853 4774 D,1000}.;m0M011m
1006 4679 1011 4688 '
1122 4642 2118 4750 Mich.Meienburgio,ConsuliNorlhosono.

76 4825 123 4912 S.
149 4841 198 4912 D.
249 4837 453 4911 Clarissimo
468 4844 525 4913 vir
537 4857 573 4914 et
587 4842 793 4919 charissime
812 4849 941 4937 scater,
969 4846 1072 4944 Opto
1121 4816 1172 4904 S·
1204 4827 1249 4903 D·
1313 4824 1666 4909 1101111115111111111
1706 4823 2118 4906 111111111111111111111110·

76 4943 294 5016 faustumat
314 4943 460 5042 delitam
489 4947 643 5025 raditum
663 4945 882 5032 charissimis
899 4953 1074 5041 saepibus
1115 4931 1267 5004 Certum
1290 4943 1358 5014 est,
1390 4928 1465 5000 Deo
1485 4949 1594 4996 curae
1617 4949 1689 4996 esse
1712 4924 1906 4996 Ecclesiam
1928 4953 2048 5018 suain,
2080 4935 2118 5004 in

79 5043 157 5116 tuis.
174 5043 178 5052 '
207 5039 254 5111 ln
272 5029 452 5130 Hamiro,
478 5038 545 5115 Dei
562 5047 748 5136 beneficio,
775 5053 947 5124 mellens
962 5057 1074 5126 virtus
1125 5059 1194 5127 qua
1209 5055 1276 5102 nos
1292 5053 1433 5126 quoque
1446 5052 1580 5112 sumus,
1607 5053 1671 5097 nec
1687 5029 1780 5098 sinet
1793 5051 1871 5098 earn
1887 5053 2032 5120 prorsus
2045 5037 2120 5106 dis-

79 5157 111 5214 et
136 5143 326 5238 prudentia
340 5159 424 5231 feet,
463 5171 572 5257 (prore
588 5151 667 5220 eins
690 5153 760 5221 tibi
774 5155 1073 5239 'consuetudinem
1123 5135 1249 5224 sipari:
1273 5133 1440 5210 Petamus
1458 5131 1571 5220 ’1811111
1591 5131 1713 5246 11111111,
1739 5140 2122 5222 11119111111111111111·

94 5235 293 5298 ,...-,.,..“
340 5243 343 5253 “
861 5261 864 5270 ·
1128 5239 1235 5321 lium,
1267 5236 1357 5304 sicut
1382 5257 1482 5325 saepe
1498 5243 1684 5324 praecepit.
1736 5227 1781 5300 Et
1799 5227 1864 5301 liar
1879 5256 1944 5304 nos
1959 5241 2121 5308 consola-

114 5360 140 5424 0)
163 5359 306 5414 uremur?
822 5399 828 5408 ,
1128 5339 1224 5407 tione
1237 5351 1479 5406 sustentermrs.

1471 5426 1558 5504 64·
