4684 5802
230 227 327 306 1059

231 423 319 496 quas
335 391 479 472 Romae
498 398 536 467 iu
551 401 673 472 surore
688 399 836 470 cruciari
853 401 980 488 audio,
1005 402 1123 472 iudico
1139 426 1220 472 crir-

233 497 612 572 ciarieasaDiabolis.
662 499 1119 596 Etsignificanturpoenae
1140 499 1220 572 lta·
1272 530 1320 620 S·
1348 543 1396 618 D·
1445 543 1634 616 camme

235 601 309 674 liae
332 614 367 670 et
387 601 537 672 aliarum
563 603 732 692 gentium.
784 601 856 674 Nec
881 629 965 675 vero
989 607 1115 676 dubito
1138 617 1237 676 vera'

233 706 374 796 piorum
390 704 588 794 precatione
609 705 687 776 tolli
705 705 741 774 id
763 706 914 790 malum,
940 719 975 776 et
993 707 1122 798 expelli
1134 705 1222 777 Dia-

233 806 335 876 bolus
356 826 465 894 posse.
516 803 626 876 Recte
641 807 744 876 etiam
767 807 913 891 lucieut,
934 808 1042 902 siqui
1064 805 1224 876 bomines

125 991 133 1006 ἢ
234 931 309 976 non
328 901 512 1002 Epicurei,
536 909 596 976 sed
611 931 691 976 vere
707 908 908 976 invocantes
923 905 1053 980 Filium
1069 905 1135 978 Dei
1148 905 1224 978 Do-

234 1009 371 1076 minum
388 1021 547 1078 nostrum
564 1005 677 1078 lesum
692 1003 892 1092 Christum,
904 1012 994 1080 serio
1011 1007 1226 1102 praecipient

234 1108 414 1192 Diabolis,
438 1126 476 1178 nt
493 1109 673 1178 discedant
695 1111 739 1177 ab
762 1109 833 1177 illis
848 1111 1002 1197 miseris,
1029 1125 1063 1182 et
1080 1113 1124 1180 de
1140 1135 1226 1178 veu-

235 1225 316 1281 turo
334 1209 468 1280 iudicio
485 1208 567 1278 Filii
584 1209 669 1293 Dei,
695 1211 731 1278 iu
750 1235 819 1302 quo
840 1211 973 1280 malitia
993 1211 1225 1283 Diabolorum

236 1314 442 1382 ostendetur
465 1311 579 1400 palam
603 1313 787 1380 universae
811 1308 1004 1398 Ecclesiae,
1029 1313 1165 1397 dicent,
1193 1324 1228 1381 et

110 1417 112 1422 ’
235 1415 279 1480 de
295 1412 418 1503 poenis
433 1409 673 1480 Diabolorum.
725 1415 794 1480 sed
817 1408 901 1481 baec
918 1416 994 1483 fieri
1015 1427 1154 1505 oportet
1174 1437 1227 1482 se-

236 1514 291 1582 rio
321 1527 355 1582 et
383 1513 596 1584 omittendae
618 1527 700 1582 sunt
726 1511 954 1586 Ceremouiae
985 1519 1049 1610 τῆς
1071 1511 1228 1608 ‹iproba-

235 1608 358 1704 apeiac
372 1627 405 1682 et
420 1613 573 1682 lustralis
588 1637 708 1706 acpuae,
725 1630 758 1684 et
773 1616 937 1686 salsarum
953 1617 1229 1698 invocationum,

237 1708 406 1788 Cornelii
437 1727 471 1784 et
500 1715 681 1784 similium.
741 1716 822 1786 Scio
848 1717 946 1806 plura
980 1720 1157 1809 exempla,
1189 1717 1227 1785 in

238 1817 367 1908 quibus
389 1815 560 1904 proluisse
584 1817 721 1906 piorum
749 1817 983 1906 precationem
1007 1833 1142 1890 certum
1168 1831 1228 1890 est.

245 1911 503 2010 J‘Vitebergae.
554 1913 719 1986 Calendis
734 1919 963 2010 Septembris.

803 225 1240 306 aersroeanun
1293 227 1512 307 stoan
1567 183 1698 306 rasa.

2170 231 2270 306 1060

1575 355 1744 498 (Paulo
1761 353 1950 498 'Eterop

1655 548 1775 620 frater.
1825 543 1978 636 Paginss
2000 547 2080 620 aar
2101 541 2272 640 ὑπομνη-

1272 641 1404 740 μάτων
1422 641 1504 740 περὶ
1524 651 1663 744 ψυχῆς,
1692 669 1780 741 ques
1796 660 1875 738 post
1890 671 2008 716 meum
2025 650 2093 718 iter
2109 643 2147 740 ⁴)
2170 649 2272 718 misi-

1274 751 1337 835 sti,
1363 749 1499 840 accepi,
1532 773 1573 818 ac
1595 743 1702 818 bodie
1724 767 1858 840 partem
1884 747 2107 842 typographo
2130 750 2274 835 tradidi,

1275 851 1338 944 qui
1360 850 1529 940 processit
1552 851 1596 920 ad
1621 851 1760 922 literam
1782 849 1825 920 N.
1882 845 1961 919 Etsi
1984 865 2104 942 autem
2129 867 2274 942 propter

1277 946 1544 1046 typographicae
1559 975 1683 1042 operas
1699 946 1770 1020 buc
1787 951 1932 1036 accessi,
1958 964 2077 1022 umen
2100 952 2272 1044 interpel-

1277 1055 1406 1122 latores
1418 1075 1475 1120 me
1491 1053 1701 1142 impediunt.
1736 1051 1824 1120 lleri
1838 1051 1944 1120 etiarn
1962 1054 2071 1123 lunas
2084 1055 2273 1124 comitatus
2338 1064 2339 1144 t

1278 1179 1354 1223 sum
1377 1149 1641 1222 honestissimae
1665 1153 1825 1241 coniugis
1842 1147 1961 1222 Ionas
1975 1147 2177 1224 Matthaei
2198 1179 2273 1228 me-

1278 1277 1348 1344 gno
1363 1279 1442 1324 cum
1459 1255 1599 1334 «tulare,
1625 1255 1726 1325 cuius
1741 1255 1873 1324 multae
1888 1255 2035 1326 fuerant
2050 1279 2184 1342 canuc,
2212 1258 2273 1326 sed

1280 1361 1323 1426 de
1339 1355 1446 1447 patris
1459 1351 1695 1426 honestissimi
1711 1356 1803 1424 senis
1820 1355 1967 1426 vulnere
1982 1357 2176 1445 cogitabam
2190 1357 2275 1447 plu-

1281 1459 1423 1530 rimum.
1474 1453 1551 1527 Oro
1568 1470 1684 1528 autem
1702 1457 1815 1526 filium
1829 1453 1916 1541 Dei,
1937 1471 1978 1526 ut
1991 1457 2101 1532 leniat
2113 1460 2276 1550 publicas

1280 1571 1315 1628 et
1331 1559 1484 1650 privatas
1504 1559 1727 1631 calamitates.
1781 1555 1822 1626 ln
1837 1552 1894 1626 bis
1914 1560 2021 1628 tantis
2039 1560 2190 1630 miseriis
2214 1561 2275 1630 lu·

1281 1663 1370 1730 dunt
1383 1654 1498 1728 adbuc
1516 1655 1621 1730 buius
1639 1659 1805 1750 temporis
1827 1655 2079 1752 βωμολοχικοὶ
2099 1657 2275 1758 tayodai-

1281 1756 1396 1834 datos.
1435 1760 1651 1852 Magnopere
1669 1773 1788 1842 teoro,
1813 1761 2040 1850 utsignifices
2056 1757 2157 1846 mibi,
2181 1763 2273 1856 quid
2339 1821 2340 1850 ,

1283 1863 1527 1952 responderint
1547 1861 1650 1930 amici
1674 1885 1715 1930 ex
1735 1859 1868 1954 lipsia.
1918 1859 2033 1930 Credo
2051 1853 2273 1932 Cauradum

1283 1963 1513 2053 bibliopolam
1536 1986 1636 2054 posse
1655 1963 1774 2032 literas
1796 1961 1945 2036 mittere.
1996 1959 2123 2033 Hicin
2145 1965 2275 2036 solitu-

1282 2065 1364 2134 dine
1381 2067 1425 2134 de
1441 2064 1618 2156 republica
1635 2060 1728 2134 nibil
1746 2063 1862 2132 audio.
1914 2061 2091 2134 Fimetum
2113 2067 2274 2136 cinerum

1282 2179 1318 2236 et
1329 2166 1453 2236 lunera
1468 2165 1581 2240 video.
1630 2163 1835 2234 Pannonica
1850 2163 1967 2236 cla'des
1983 2178 2099 2236 umen
2114 2162 2172 2236 bic
2188 2192 2275 2258 pro-

589 2515 636 2604 G.
666 2515 881 2605 Peueeru.

306 2689 390 2764 epac
409 2691 456 2748 as.
470 2691 503 2748 ιι.
522 2711 548 2764 p.
563 2693 623 2750 su.
642 2694 696 2764 (aa.
714 2695 803 2751 aona.
822 2693 870 2750 ra.
885 2691 917 2749 ιι.
936 2714 979 2768 sp.
992 2695 1071 2766 ιιι).

475 2861 530 2942 D..
557 2860 770 2966 Caspuro
796 2861 993 2940 Peucero

238 3011 286 3102 S.
307 3021 353 3100 D.
404 3021 618 3100 Cbarissime
648 3031 719 3116 fili,
758 3029 918 3104 Nuncius
944 3027 1229 3126 Nuribergeusis

237 3127 440 3220 attulitltibi
459 3126 656 3218 Epistulam
677 3133 820 3202 brevem
841 3159 882 3202 ex
907 3137 992 3205 urbe
1007 3129 1230 3228 Noriherga,

238 3231 283 3298 ab
298 3227 409 3296 amico
429 3221 627 3315 Fabricio,
652 3233 831 3320 flagitante
847 3237 1016 3306 volumen
1031 3240 1108 3309 τῶν
1126 3235 1229 3334 γενέ-

239 3351 345 3400 σεων.
404 3327 539 3398 Vellem
564 3348 678 3402 extare
701 3335 812 3406 multa
843 3337 1018 3426 exempla,
1043 3353 1227 3432 propterea

239 3431 335 3524 quod
351 3442 502 3502 vetustas
519 3433 601 3500 talia
626 3435 735 3504 multa
751 3437 932 3508 volumina
948 3433 1088 3524 babuit,
1113 3455 1147 3510 et
1163 3441 1229 3510 ali-

239 3554 391 3624 quorum
404 3535 632 3606 :incenderent
648 3535 775 3608 studia.
828 3533 901 3626 Ego
916 3541 958 3608 ad
974 3563 1053 3624 vos,
1077 3541 1156 3610 Deo
1172 3543 1226 3611 iu-

240 3649 361 3714 vante,
395 3635 517 3702 redibo
549 3637 603 3704 vel
634 3631 697 3706 hac
728 3638 940 3728 septimana,
974 3641 1029 3709 vel
1060 3643 1227 3734 proxima.

240 3732 343 3802 Prius
365 3734 460 3802 enim
482 3736 663 3828 absolvere
685 3739 788 3829 cupio
808 3741 1087 3811 eurendatiouem
1104 3745 1229 3836 scripti

241 3827 541 3928 Megupolitaui‚
566 3839 817 3928 praefationem
845 3842 882 3910 in
903 3839 1100 3936 Haggeum
1124 3860 1157 3915 et
1180 3841 1228 3916 τὰ

241 3929 322 4028 περὶ
339 3939 472 4028 ψυχῆς,
493 3938 557 4006 etsi
572 3939 916 4030 interpellationibus
930 3943 1115 4036 impedior.
1143 3945 1228 4018 vet-

242 4035 310 4102 lem
337 4049 528 4106 transvecta
558 4040 629 4108 es'se
660 4065 749 4134 quae
773 4043 995 4131 volebamus,
1017 4060 1056 4128 ⁴et
1085 4062 1229 4140 propter

241 4159 317 4204 eam
336 4159 474 4204 causam
489 4137 590 4208 citius
605 4141 693 4210 istuc
707 4143 844 4230 redibo,
870 4161 909 4217 ut
924 4171 1001 4217 mea
1016 4149 1144 4220 coniux
1161 4145 1229 4221 buc

241 4239 389 4310 accedat.
442 4235 556 4308 Filius
573 4238 640 4310 Dei
656 4256 768 4312 servet
787 4267 850 4313 vos
865 4271 998 4318 omnes.
1039 4247 1136 4320 Bene
1151 4251 1229 4322 vale
1349 4239 1357 4259 ⁸
1471 4243 1481 4263 ’

240 4353 274 4410 et
289 4338 453 4413 rescribe.
501 4337 568 4409 Die
582 4341 617 4415 5.
631 4343 859 4434 Septembris.
881 4400 885 4410 .
908 4351 955 4439 τῇ
976 4346 1142 4448 θυγατρὶ
1166 4348 1230 4448 φί-

240 4444 338 4530 λημα
362 4443 449 4510 meis
471 4445 607 4527 verbis,
634 4469 739 4537 quarn
756 4442 852 4515 Dens
876 4463 1000 4523 servet.
1051 4449 1119 4521 llic
1135 4477 1230 4524 nun-

241 4540 315 4610 cius
330 4540 379 4610 ait
395 4544 643 4615 sareditarum
661 4569 752 4633 esse,
779 4547 880 4618 dabis
896 4548 1005 4638 igitur
1020 4553 1053 4620 ei
1070 4537 1199 4630 litieras'.

1283 2267 1386 2336 lixios
1412 2279 1594 2351 narratur,
1619 2291 1725 2358 quam
1749 2266 1838 2338 istic.
1890 2263 1969 2336 lluc
1986 2267 2081 2336 enim
2104 2270 2170 2338 iter
2190 2269 2276 2340 fecit
2340 2288 2341 2326 t

1282 2361 1573 2456 Slaberdorstus‚
1598 2368 1660 2460 qui
1678 2367 1797 2436 enuit.
1849 2363 1923 2450 Ait,
1949 2363 2275 2458 hocstrategernate
2340 2373 2341 2466 l

1282 2471 1446 2560 deceptos
1460 2493 1544 2542 esse.
1595 2467 1706 2538 Ttsrci
1720 2467 1757 2534 in
1772 2467 2050 2558 proelioleviter
2063 2471 2273 2540 dimicantes
2340 2495 2341 2504 ι

1281 2572 1398 2660 lugam
1421 2569 1643 2638 simularunt.
1693 2566 1812 2638 Nostri
1834 2569 1965 2638 alacres
1987 2587 2183 2664 sequuntur
2207 2575 2274 2642 do-

1282 2695 1346 2742 nee
1361 2685 1582 2762 praetereunt
1599 2671 1769 2762 oppidum
1787 2671 1977 2762 quoddam.
2020 2669 2060 2740 ld
2075 2697 2153 2742 curn
2168 2697 2275 2764 prae·

1282 2773 1425 2842 terveeti
1441 2787 1574 2853 essent,
1601 2797 1641 2840 ex
1664 2771 1794 2862 oppido
1809 2769 1901 2840 alius
1915 2769 1948 2840 Τ
1950 2771 2088 2842 urcicus
2103 2773 2276 2844 exercitus

1282 2875 1435 2966 erumpit
1456 2887 1490 2944 et
1509 2888 1603 2962 terga
1628 2886 1831 2942 nostrorum
1862 2873 2005 2944 caedere
2030 2873 2164 2966 incipit.
2220 2871 2273 2945 lta

1281 2976 1319 3044 in
1336 2977 1452 3046 medio
1473 2976 1641 3068 utrinque
1658 2973 1747 3044 caesi
1769 2973 1960 3064 perierunt.
2019 2971 2096 3064 Ego
2116 2989 2151 3046 et
2173 2975 2274 3046 clade

1282 3091 1315 3149 et
1328 3077 1445 3146 omine
1460 3101 1620 3160 moveor3
1648 3075 1706 3144 sed
1723 3075 1794 3144 lilio
1812 3075 1876 3144 Dei
1893 3097 1958 3144 artis
1975 3079 2274 3162 courmenclemus,

1282 3180 1342 3271 qui
1370 3181 1476 3250 dixit:
1512 3201 1615 3246 nemo
1646 3171 1762 3272 rapiet
1789 3198 1869 3244 ores
1894 3197 1995 3245 meus
2026 3198 2074 3246 ex
2099 3175 2273 3248 monibus

1280 3277 1380 3350 meis.
1437 3279 1548 3348 Valde
1567 3293 1601 3349 te
1624 3302 1706 3360 oro,
1732 3287 1773 3346 ut
1794 3272 1883 3346 mibi
1901 3271 1948 3346 τὰ
1967 3271 2140 3377 ἀξιόλογα
2165 3304 2271 3374 quarn

1280 3383 1434 3474 primum
1466 3381 1609 3454 scribas.
1676 3373 1775 3448 Bene
1807 3391 1842 3449 et
1873 3377 2023 3449 feliciter
2054 3381 2145 3450 vale.
2205 3379 2272 3451 Die

1279 3485 1316 3560 6.
1339 3482 1537 3576 Septembr.

1969 3573 2173 3673 Philippus.

1357 3727 1361 3745 ·
1408 3683 1564 3756 Salutem
1587 3697 1670 3773 opto
1684 3681 1785 3752 vobis
1799 3679 1966 3750 omnibus

1356 3788 1390 3860 d.
1407 3785 1542 3860 doctori
1557 3779 1614 3856 M
1612 3777 1754 3870 iliadio,
1778 3787 1813 3858 d.
1828 3779 1965 3854 doctori

1361 3883 1402 3960 V
1400 3887 1468 3974 ito,
1493 3893 1529 3960 d.
1548 3883 1781 3960 Sebastiano.

2069 4069 2265 4086 Μ

1973 4191 2006 4255 6.
2021 4183 2107 4268 Sept.
2122 4185 2269 4268 (tt'tret.)

1579 4389 1585 4403 '
1677 4375 1857 4462 Eidem
1931 4379 1939 4392 '
1988 4282 2266 4316 Μ

1349 4539 1370 4602 †
1388 4535 1424 4588 Er
1441 4537 1607 4612 atstogrspbo
1624 4536 1652 4592 in
1672 4536 1739 4618 titt.
1755 4533 1870 4590 Norinb.
1887 4533 2023 4606 descripte
2039 4549 2055 4586 ι
2073 4531 2118 4590 Cl.
2130 4533 2269 4592 namra.

1204 4755 1220 4797 ·.
1281 4685 1506 4764 Clarissimo
1521 4691 1613 4776 viru,
1640 4687 1842 4763 eruditione
1858 4699 1889 4761 et
1907 4663 2037 4760 virtute
2055 4689 2270 4786 praestanti,

236 4927 434 5054 ΜΨ·
1072 4957 1104 5022 5·
1131 4947 1217 5034 Sept.

608 5137 663 5224 Ρ.
692 5137 856 5227 Eberu.

304 5309 322 5374 -ιι
337 5307 564 5424 sspputognpbo
587 5309 617 5364 ia
641 5309 708 5367 bibl.
726 5311 841 5370 Noriub.
859 5311 993 5387 descripta
1015 5315 1124 5372 aClac.
1141 5317 1225 5373 Raa-

1382 4791 1435 4866 D.
1463 4791 1612 4867 Paulo
1638 4791 1802 4882 Eheru,
1824 4789 1952 4892 fratri
1961 4815 2030 4861 suu
2044 4790 2175 4865 curias.

1281 4931 1331 5016 S.
1359 4943 1402 5016 D.
1454 4943 1642 5018 Carissime
1668 4945 1788 5016 irater.
1845 4939 1935 5011 lleri
1957 4939 2143 5010 tabellario
2168 4937 2268 5010 Nori·

1280 5048 1440 5138 bergensi
1467 5048 1586 5118 literas
1606 5047 1686 5117 dedi
1713 5045 1814 5116 robis
1838 5041 2068 5127 adferendos,
2091 5039 2268 5136 quispam

1278 5217 1475 5232 ‘m

1312 5317 1340 5386 *t
1362 5315 1506 5372 Proiectus
1525 5325 1581 5369 erat
1599 5314 1664 5371 illd.
1683 5311 1764 5369 (1.98.
1781 5312 1851 5382 dog.
1870 5308 2007 5382 lipsiam,
2024 5317 2053 5364 et
2070 5304 2265 5362 indevitebec·

1346 5403 1429 5459 gem,
1448 5387 1493 5440 ubi
1511 5379 1734 5442 coituros-abatur·
1750 5383 1777 5437 d.
1797 5387 1850 5436 t-
1861 5383 1904 5436 ts.
1919 5377 2012 5454 Septb.
