<?xml version="1.0" encoding="UTF-8"?>
<!DOCTYPE html PUBLIC "-//W3C//DTD XHTML 1.0 Transitional//EN"
    "http://www.w3.org/TR/xhtml1/DTD/xhtml1-transitional.dtd">
<html xmlns="http://www.w3.org/1999/xhtml" xml:lang="en" lang="en">
 <head>
  <title>
</title>
<meta http-equiv="Content-Type" content="text/html;charset=utf-8" />
  <meta name='ocr-system' content='tesseract 3.04.00' />
  <meta name='ocr-capabilities' content='ocr_page ocr_carea ocr_par ocr_line ocrx_word'/>
</head>
<body>
  <div class='ocr_page' id='page_1' title='image "./corpusreformato20melagoog/corpusreformato20melagoog_0305.png"; bbox 0 0 4654 5816; ppageno 0'>
   <div class='ocr_carea' id='block_1_1' title="bbox 264 250 2275 336">
    <p class='ocr_par' dir='ltr' id='par_1_1' title="bbox 264 250 2275 336">
     <span class='ocr_line' id='line_1_1' title="bbox 264 250 2275 336; baseline 0.001 -2"><span class='ocrx_word' id='word_1_1' title='bbox 264 257 340 334; x_wconf 71' lang='grc'>668</span> <span class='ocrx_word' id='word_1_2' title='bbox 822 250 1253 334; x_wconf 67' lang='lat' dir='ltr'>EPISTULARUM</span> <span class='ocrx_word' id='word_1_3' title='bbox 1304 255 1414 334; x_wconf 75' lang='lat' dir='ltr'>utu.</span> <span class='ocrx_word' id='word_1_4' title='bbox 1432 250 1524 334; x_wconf 84' lang='lat' dir='ltr'>xu.</span> <span class='ocrx_word' id='word_1_5' title='bbox 1577 256 1710 336; x_wconf 75' lang='lat' dir='ltr'>taso.</span> <span class='ocrx_word' id='word_1_6' title='bbox 2216 259 2275 336; x_wconf 81' lang='lat' dir='ltr'>llll</span> 
     </span>
    </p>
   </div>
   <div class='ocr_carea' id='block_1_2' title="bbox 200 419 2308 3770">
    <p class='ocr_par' dir='ltr' id='par_1_2' title="bbox 200 419 2308 3770">
     <span class='ocr_line' id='line_1_2' title="bbox 371 419 2308 528; baseline 0.002 -28"><span class='ocrx_word' id='word_1_7' title='bbox 371 425 451 500; x_wconf 77' lang='lat' dir='ltr'>Etsi</span> <span class='ocrx_word' id='word_1_8' title='bbox 471 437 588 522; x_wconf 78' lang='lat' dir='ltr'>autem</span> <span class='ocrx_word' id='word_1_9' title='bbox 603 429 678 500; x_wconf 87' lang='lat' dir='ltr'>seio</span> <span class='ocrx_word' id='word_1_10' title='bbox 697 428 783 511; x_wconf 80' lang='lat' dir='ltr'>tihi,</span> <span class='ocrx_word' id='word_1_11' title='bbox 810 419 999 526; x_wconf 81' lang='lat' dir='ltr'>Csiglere,</span> <span class='ocrx_word' id='word_1_12' title='bbox 1020 428 1257 523; x_wconf 65' lang='lat' dir='ltr'>petramora</span> <span class='ocrx_word' id='word_1_13' title='bbox 1306 423 1387 500; x_wconf 87' lang='lat' dir='ltr'>Etsi</span> <span class='ocrx_word' id='word_1_14' title='bbox 1405 428 1569 500; x_wconf 81' lang='lat' dir='ltr'>aviditati</span> <span class='ocrx_word' id='word_1_15' title='bbox 1591 429 1715 502; x_wconf 76' lang='lat' dir='ltr'>rustici</span> <span class='ocrx_word' id='word_1_16' title='bbox 1736 454 1776 500; x_wconf 88' lang='lat' dir='ltr'>ac</span> <span class='ocrx_word' id='word_1_17' title='bbox 1796 429 1871 523; x_wconf 88' lang='lat' dir='ltr'>spei</span> <span class='ocrx_word' id='word_1_18' title='bbox 1895 455 1970 528; x_wconf 78' lang='lat' dir='ltr'>nou</span> <span class='ocrx_word' id='word_1_19' title='bbox 1986 431 2216 524; x_wconf 82' lang='lat' dir='ltr'>respondebat</span> <span class='ocrx_word' id='word_1_20' title='bbox 2230 429 2282 504; x_wconf 85' lang='lat' dir='ltr'>hoc</span> <span class='ocrx_word' id='word_1_21' title='bbox 2307 467 2308 518; x_wconf 81' lang='lat'>3</span> 
     </span>
     <span class='ocr_line' id='line_1_3' title="bbox 270 529 2308 626; baseline 0.002 -26"><span class='ocrx_word' id='word_1_22' title='bbox 270 529 419 611; x_wconf 80' lang='lat' dir='ltr'>consilio</span> <span class='ocrx_word' id='word_1_23' title='bbox 434 542 472 600; x_wconf 88' lang='lat' dir='ltr'>ct</span> <span class='ocrx_word' id='word_1_24' title='bbox 485 529 688 604; x_wconf 76' lang='lat' dir='ltr'>eruditione</span> <span class='ocrx_word' id='word_1_25' title='bbox 702 532 853 612; x_wconf 81' lang='lat' dir='ltr'>excellit,</span> <span class='ocrx_word' id='word_1_26' title='bbox 881 531 1095 604; x_wconf 71' lang='lat' dir='ltr'>hortatorem</span> <span class='ocrx_word' id='word_1_27' title='bbox 1110 533 1196 615; x_wconf 83' lang='lat' dir='ltr'>fors,</span> <span class='ocrx_word' id='word_1_28' title='bbox 1221 545 1261 600; x_wconf 91' lang='lat' dir='ltr'>ut</span> <span class='ocrx_word' id='word_1_29' title='bbox 1310 553 1451 614; x_wconf 90' lang='lat' dir='ltr'>munus,</span> <span class='ocrx_word' id='word_1_30' title='bbox 1471 543 1589 600; x_wconf 87' lang='lat' dir='ltr'>tamen</span> <span class='ocrx_word' id='word_1_31' title='bbox 1605 531 1687 602; x_wconf 87' lang='lat' dir='ltr'>fecit</span> <span class='ocrx_word' id='word_1_32' title='bbox 1701 533 1890 624; x_wconf 86' lang='lat' dir='ltr'>sapienter,</span> <span class='ocrx_word' id='word_1_33' title='bbox 1917 533 2012 626; x_wconf 89' lang='lat' dir='ltr'>quod</span> <span class='ocrx_word' id='word_1_34' title='bbox 2030 533 2161 604; x_wconf 88' lang='lat' dir='ltr'>dicitur</span> <span class='ocrx_word' id='word_1_35' title='bbox 2174 529 2225 606; x_wconf 87' lang='grc' dir='ltr'>ότι</span> <span class='ocrx_word' id='word_1_36' title='bbox 2240 529 2281 606; x_wconf 81' lang='lat' dir='ltr'>tu</span> <span class='ocrx_word' id='word_1_37' title='bbox 2307 593 2308 604; x_wconf 68' lang='grc'>,</span> 
     </span>
     <span class='ocr_line' id='line_1_4' title="bbox 270 625 2281 730; baseline 0.001 -28"><span class='ocrx_word' id='word_1_38' title='bbox 270 626 340 702; x_wconf 76' lang='lat' dir='ltr'>hoe</span> <span class='ocrx_word' id='word_1_39' title='bbox 352 630 519 704; x_wconf 81' lang='lat' dir='ltr'>volumen</span> <span class='ocrx_word' id='word_1_40' title='bbox 534 632 734 706; x_wconf 85' lang='lat' dir='ltr'>fabularmn</span> <span class='ocrx_word' id='word_1_41' title='bbox 746 657 821 704; x_wconf 91' lang='lat' dir='ltr'>nou</span> <span class='ocrx_word' id='word_1_42' title='bbox 833 635 949 706; x_wconf 88' lang='lat' dir='ltr'>solum</span> <span class='ocrx_word' id='word_1_43' title='bbox 964 635 1069 724; x_wconf 82' lang='lat' dir='ltr'>legas,</span> <span class='ocrx_word' id='word_1_44' title='bbox 1082 633 1143 702; x_wconf 85' lang='lat' dir='ltr'>sed</span> <span class='ocrx_word' id='word_1_45' title='bbox 1158 657 1262 724; x_wconf 82' lang='lat' dir='ltr'>pror·</span> <span class='ocrx_word' id='word_1_46' title='bbox 1308 655 1382 716; x_wconf 82' lang='grc' dir='ltr'><strong><em>τις,</em></strong></span> <span class='ocrx_word' id='word_1_47' title='bbox 1408 625 1566 718; x_wconf 77' lang='grc' dir='ltr'><strong><em>ἐπαίνει,</em></strong></span> <span class='ocrx_word' id='word_1_48' title='bbox 1594 633 1681 716; x_wconf 80' lang='lat' dir='ltr'>boni</span> <span class='ocrx_word' id='word_1_49' title='bbox 1706 633 1860 716; x_wconf 74' lang='lat' dir='ltr'>corisulit</span> <span class='ocrx_word' id='word_1_50' title='bbox 1877 657 2029 716; x_wconf 78' lang='lat' dir='ltr'>mercem</span> <span class='ocrx_word' id='word_1_51' title='bbox 2049 635 2149 705; x_wconf 89' lang='lat' dir='ltr'>nullo</span> <span class='ocrx_word' id='word_1_52' title='bbox 2167 635 2281 730; x_wconf 86' lang='lat' dir='ltr'>quaesi·</span> 
     </span>
     <span class='ocr_line' id='line_1_5' title="bbox 263 731 2282 828; baseline 0.001 -24"><span class='ocrx_word' id='word_1_53' title='bbox 263 751 330 804; x_wconf 78' lang='lat' dir='ltr'>sus</span> <span class='ocrx_word' id='word_1_54' title='bbox 351 731 486 802; x_wconf 84' lang='lat' dir='ltr'>ediscas</span> <span class='ocrx_word' id='word_1_55' title='bbox 503 746 555 819; x_wconf 88' lang='lat' dir='ltr'>et,</span> <span class='ocrx_word' id='word_1_56' title='bbox 580 747 620 804; x_wconf 89' lang='lat' dir='ltr'>ut</span> <span class='ocrx_word' id='word_1_57' title='bbox 640 745 773 806; x_wconf 84' lang='lat' dir='ltr'>veteres</span> <span class='ocrx_word' id='word_1_58' title='bbox 795 737 840 806; x_wconf 90' lang='lat' dir='ltr'>de</span> <span class='ocrx_word' id='word_1_59' title='bbox 861 733 1000 828; x_wconf 84' lang='lat' dir='ltr'>Aesopo</span> <span class='ocrx_word' id='word_1_60' title='bbox 1017 735 1199 814; x_wconf 87' lang='lat' dir='ltr'>dicebant,</span> <span class='ocrx_word' id='word_1_61' title='bbox 1224 745 1263 802; x_wconf 88' lang='lat' dir='ltr'>ut</span> <span class='ocrx_word' id='word_1_62' title='bbox 1310 747 1384 804; x_wconf 87' lang='lat' dir='ltr'>tam</span> <span class='ocrx_word' id='word_1_63' title='bbox 1408 747 1527 804; x_wconf 89' lang='lat' dir='ltr'>sumtu</span> <span class='ocrx_word' id='word_1_64' title='bbox 1551 747 1612 804; x_wconf 88' lang='lat' dir='ltr'>aut</span> <span class='ocrx_word' id='word_1_65' title='bbox 1633 735 1773 819; x_wconf 91' lang='lat' dir='ltr'>labore,</span> <span class='ocrx_word' id='word_1_66' title='bbox 1799 749 1966 828; x_wconf 75' lang='lat' dir='ltr'><strong>properat</strong></span> <span class='ocrx_word' id='word_1_67' title='bbox 1986 733 2095 826; x_wconf 88' lang='lat' dir='ltr'>igitur</span> <span class='ocrx_word' id='word_1_68' title='bbox 2115 736 2153 804; x_wconf 90' lang='lat' dir='ltr'>iu</span> <span class='ocrx_word' id='word_1_69' title='bbox 2176 737 2282 816; x_wconf 87' lang='lat' dir='ltr'>somn,</span> 
     </span>
     <span class='ocr_line' id='line_1_6' title="bbox 265 827 2308 930; baseline 0 -23"><span class='ocrx_word' id='word_1_70' title='bbox 265 857 311 907; x_wconf 75' lang='lat' dir='ltr'>es</span> <span class='ocrx_word' id='word_1_71' title='bbox 324 827 564 925; x_wconf 84' lang='lat' dir='ltr'>Aristophane</span> <span class='ocrx_word' id='word_1_72' title='bbox 577 851 741 929; x_wconf 87' lang='lat' dir='ltr'>apparet,</span> <span class='ocrx_word' id='word_1_73' title='bbox 765 849 938 922; x_wconf 86' lang='lat' dir='ltr'>conteras,</span> <span class='ocrx_word' id='word_1_74' title='bbox 962 850 1080 908; x_wconf 90' lang='lat' dir='ltr'>tamen</span> <span class='ocrx_word' id='word_1_75' title='bbox 1094 849 1132 906; x_wconf 92' lang='lat' dir='ltr'>ut</span> <span class='ocrx_word' id='word_1_76' title='bbox 1150 859 1261 904; x_wconf 82' lang='lat' dir='ltr'>msam</span> <span class='ocrx_word' id='word_1_77' title='bbox 1311 846 1353 909; x_wconf 87' lang='lat' dir='ltr'>ut</span> <span class='ocrx_word' id='word_1_78' title='bbox 1369 834 1452 904; x_wconf 85' lang='lat' dir='ltr'>inde</span> <span class='ocrx_word' id='word_1_79' title='bbox 1468 833 1604 928; x_wconf 88' lang='lat' dir='ltr'>aliquid</span> <span class='ocrx_word' id='word_1_80' title='bbox 1620 833 1791 927; x_wconf 87' lang='lat' dir='ltr'>pecuniae</span> <span class='ocrx_word' id='word_1_81' title='bbox 1805 833 1971 911; x_wconf 86' lang='lat' dir='ltr'>lucretur.</span> <span class='ocrx_word' id='word_1_82' title='bbox 2016 835 2087 908; x_wconf 89' lang='lat' dir='ltr'>Sed</span> <span class='ocrx_word' id='word_1_83' title='bbox 2102 839 2308 930; x_wconf 63' lang='lat' dir='ltr'>properanti,</span> 
     </span>
     <span class='ocr_line' id='line_1_7' title="bbox 270 933 2308 1030; baseline -0 -24"><span class='ocrx_word' id='word_1_84' title='bbox 270 955 412 1028; x_wconf 74' lang='lat' dir='ltr'>quoque</span> <span class='ocrx_word' id='word_1_85' title='bbox 436 935 641 1026; x_wconf 82' lang='lat' dir='ltr'>opinionem</span> <span class='ocrx_word' id='word_1_86' title='bbox 669 963 751 1008; x_wconf 89' lang='lat' dir='ltr'>cum</span> <span class='ocrx_word' id='word_1_87' title='bbox 776 939 885 1030; x_wconf 90' lang='lat' dir='ltr'>patris</span> <span class='ocrx_word' id='word_1_88' title='bbox 908 937 1039 1010; x_wconf 87' lang='lat' dir='ltr'>iudicio</span> <span class='ocrx_word' id='word_1_89' title='bbox 1070 959 1263 1025; x_wconf 77' lang='lat' dir='ltr'>congruere</span> <span class='ocrx_word' id='word_1_90' title='bbox 1312 935 1467 1006; x_wconf 86' lang='lat' dir='ltr'>occurrit</span> <span class='ocrx_word' id='word_1_91' title='bbox 1482 933 1683 1006; x_wconf 88' lang='lat' dir='ltr'>Mercurius</span> <span class='ocrx_word' id='word_1_92' title='bbox 1699 962 1738 1008; x_wconf 90' lang='lat' dir='ltr'>ac</span> <span class='ocrx_word' id='word_1_93' title='bbox 1755 937 1852 1028; x_wconf 91' lang='lat' dir='ltr'>prius</span> <span class='ocrx_word' id='word_1_94' title='bbox 1867 936 1992 1030; x_wconf 87' lang='lat' dir='ltr'>partiri</span> <span class='ocrx_word' id='word_1_95' title='bbox 2017 941 2181 1030; x_wconf 78' lang='lat' dir='ltr'>praedam</span> <span class='ocrx_word' id='word_1_96' title='bbox 2196 939 2282 1008; x_wconf 80' lang='lat' dir='ltr'>iubet.</span> <span class='ocrx_word' id='word_1_97' title='bbox 2307 995 2308 1002; x_wconf 70' lang='grc'>,</span> 
     </span>
     <span class='ocr_line' id='line_1_8' title="bbox 267 1035 2283 1132; baseline 0 -25"><span class='ocrx_word' id='word_1_98' title='bbox 267 1035 377 1120; x_wconf 69' lang='lat' dir='ltr'>seim,</span> <span class='ocrx_word' id='word_1_99' title='bbox 402 1035 496 1108; x_wconf 77' lang='lat' dir='ltr'>idern</span> <span class='ocrx_word' id='word_1_100' title='bbox 510 1037 578 1111; x_wconf 89' lang='lat' dir='ltr'>tibi</span> <span class='ocrx_word' id='word_1_101' title='bbox 592 1038 778 1130; x_wconf 87' lang='lat' dir='ltr'>praeripio,</span> <span class='ocrx_word' id='word_1_102' title='bbox 804 1054 937 1111; x_wconf 89' lang='lat' dir='ltr'>utcum</span> <span class='ocrx_word' id='word_1_103' title='bbox 954 1041 1024 1110; x_wconf 84' lang='lat' dir='ltr'>iam</span> <span class='ocrx_word' id='word_1_104' title='bbox 1040 1037 1263 1128; x_wconf 86' lang='lat' dir='ltr'>latinaloqui</span> <span class='ocrx_word' id='word_1_105' title='bbox 1311 1035 1380 1108; x_wconf 90' lang='lat' dir='ltr'>Hic</span> <span class='ocrx_word' id='word_1_106' title='bbox 1394 1035 1521 1108; x_wconf 88' lang='lat' dir='ltr'>callide</span> <span class='ocrx_word' id='word_1_107' title='bbox 1537 1039 1689 1110; x_wconf 89' lang='lat' dir='ltr'>rusticus</span> <span class='ocrx_word' id='word_1_108' title='bbox 1705 1063 1897 1110; x_wconf 85' lang='lat' dir='ltr'>memorem</span> <span class='ocrx_word' id='word_1_109' title='bbox 1914 1063 1950 1108; x_wconf 87' lang='lat' dir='ltr'>sc</span> <span class='ocrx_word' id='word_1_110' title='bbox 1973 1039 2137 1132; x_wconf 82' lang='lat' dir='ltr'>promissi</span> <span class='ocrx_word' id='word_1_111' title='bbox 2158 1041 2226 1108; x_wconf 87' lang='lat' dir='ltr'>fore</span> <span class='ocrx_word' id='word_1_112' title='bbox 2239 1039 2283 1108; x_wconf 88' lang='lat' dir='ltr'>io·</span> 
     </span>
     <span class='ocr_line' id='line_1_9' title="bbox 269 1137 2284 1234; baseline 0 -27"><span class='ocrx_word' id='word_1_113' title='bbox 269 1137 439 1228; x_wconf 89' lang='lat' dir='ltr'>incipies,</span> <span class='ocrx_word' id='word_1_114' title='bbox 461 1161 644 1233; x_wconf 86' lang='lat' dir='ltr'>nunquam</span> <span class='ocrx_word' id='word_1_115' title='bbox 660 1141 706 1212; x_wconf 91' lang='lat' dir='ltr'>de</span> <span class='ocrx_word' id='word_1_116' title='bbox 720 1163 829 1210; x_wconf 83' lang='lat' dir='ltr'>rnanu</span> <span class='ocrx_word' id='word_1_117' title='bbox 847 1137 914 1212; x_wconf 89' lang='lat' dir='ltr'>has</span> <span class='ocrx_word' id='word_1_118' title='bbox 936 1143 1080 1212; x_wconf 83' lang='lat' dir='ltr'>fabellas</span> <span class='ocrx_word' id='word_1_119' title='bbox 1096 1142 1263 1231; x_wconf 89' lang='lat' dir='ltr'>deponas.</span> <span class='ocrx_word' id='word_1_120' title='bbox 1312 1137 1409 1232; x_wconf 83' lang='lat' dir='ltr'>quit,</span> <span class='ocrx_word' id='word_1_121' title='bbox 1435 1161 1475 1208; x_wconf 90' lang='lat' dir='ltr'>ac</span> <span class='ocrx_word' id='word_1_122' title='bbox 1498 1137 1687 1209; x_wconf 89' lang='lat' dir='ltr'>dimidium</span> <span class='ocrx_word' id='word_1_123' title='bbox 1706 1141 1892 1224; x_wconf 88' lang='lat' dir='ltr'>daturum,</span> <span class='ocrx_word' id='word_1_124' title='bbox 1919 1139 2082 1212; x_wconf 88' lang='lat' dir='ltr'>videlicet</span> <span class='ocrx_word' id='word_1_125' title='bbox 2104 1141 2284 1234; x_wconf 83' lang='lat' dir='ltr'>amygdala·</span> 
     </span>
     <span class='ocr_line' id='line_1_10' title="bbox 267 1235 2308 1332; baseline 0.002 -25"><span class='ocrx_word' id='word_1_126' title='bbox 267 1235 367 1313; x_wconf 80' lang='lat' dir='ltr'>Hinc</span> <span class='ocrx_word' id='word_1_127' title='bbox 380 1239 484 1310; x_wconf 87' lang='lat' dir='ltr'>utiles</span> <span class='ocrx_word' id='word_1_128' title='bbox 499 1241 761 1312; x_wconf 76' lang='lat' dir='ltr'>admonitiones</span> <span class='ocrx_word' id='word_1_129' title='bbox 778 1245 822 1314; x_wconf 90' lang='lat' dir='ltr'>de</span> <span class='ocrx_word' id='word_1_130' title='bbox 843 1244 1011 1314; x_wconf 88' lang='lat' dir='ltr'>omnibus</span> <span class='ocrx_word' id='word_1_131' title='bbox 1027 1243 1118 1312; x_wconf 86' lang='lat' dir='ltr'>vitae</span> <span class='ocrx_word' id='word_1_132' title='bbox 1138 1239 1263 1308; x_wconf 87' lang='lat' dir='ltr'>officiis</span> <span class='ocrx_word' id='word_1_133' title='bbox 1311 1263 1391 1310; x_wconf 90' lang='lat' dir='ltr'>rum</span> <span class='ocrx_word' id='word_1_134' title='bbox 1409 1239 1589 1332; x_wconf 76' lang='lat' dir='ltr'>putamina</span> <span class='ocrx_word' id='word_1_135' title='bbox 1609 1255 1643 1310; x_wconf 89' lang='lat' dir='ltr'>et</span> <span class='ocrx_word' id='word_1_136' title='bbox 1666 1241 1904 1332; x_wconf 90' lang='lat' dir='ltr'>palmularum</span> <span class='ocrx_word' id='word_1_137' title='bbox 1925 1241 2080 1316; x_wconf 89' lang='lat' dir='ltr'>nucleos.</span> <span class='ocrx_word' id='word_1_138' title='bbox 2132 1241 2222 1311; x_wconf 83' lang='lat' dir='ltr'>Tum</span> <span class='ocrx_word' id='word_1_139' title='bbox 2236 1243 2283 1312; x_wconf 62' lang='lat' dir='ltr'>al&gt;</span> <span class='ocrx_word' id='word_1_140' title='bbox 2307 1245 2308 1320; x_wconf 65' lang='lat' dir='ltr'>J</span> 
     </span>
     <span class='ocr_line' id='line_1_11' title="bbox 268 1335 2283 1436; baseline -0 -26"><span class='ocrx_word' id='word_1_141' title='bbox 268 1353 305 1410; x_wconf 89' lang='lat' dir='ltr'>st</span> <span class='ocrx_word' id='word_1_142' title='bbox 326 1361 524 1410; x_wconf 87' lang='lat' dir='ltr'>sermonem</span> <span class='ocrx_word' id='word_1_143' title='bbox 546 1341 697 1414; x_wconf 91' lang='lat' dir='ltr'>latinum</span> <span class='ocrx_word' id='word_1_144' title='bbox 720 1366 846 1416; x_wconf 87' lang='lat' dir='ltr'>sumes.</span> <span class='ocrx_word' id='word_1_145' title='bbox 898 1343 946 1416; x_wconf 91' lang='lat' dir='ltr'>Ut</span> <span class='ocrx_word' id='word_1_146' title='bbox 970 1359 1086 1414; x_wconf 86' lang='lat' dir='ltr'>autem</span> <span class='ocrx_word' id='word_1_147' title='bbox 1110 1341 1173 1412; x_wconf 87' lang='lat' dir='ltr'>tibi</span> <span class='ocrx_word' id='word_1_148' title='bbox 1196 1335 1263 1410; x_wconf 87' lang='lat' dir='ltr'>hoc</span> <span class='ocrx_word' id='word_1_149' title='bbox 1310 1363 1479 1432; x_wconf 88' lang='lat' dir='ltr'>rumpens</span> <span class='ocrx_word' id='word_1_150' title='bbox 1502 1339 1658 1410; x_wconf 88' lang='lat' dir='ltr'>fabulam</span> <span class='ocrx_word' id='word_1_151' title='bbox 1677 1341 1737 1412; x_wconf 90' lang='lat' dir='ltr'>ille</span> <span class='ocrx_word' id='word_1_152' title='bbox 1755 1341 1890 1436; x_wconf 84' lang='lat' dir='ltr'>inquit:</span> <span class='ocrx_word' id='word_1_153' title='bbox 1914 1339 1994 1412; x_wconf 90' lang='lat' dir='ltr'>Hoc</span> <span class='ocrx_word' id='word_1_154' title='bbox 2016 1345 2125 1412; x_wconf 90' lang='lat' dir='ltr'>modo</span> <span class='ocrx_word' id='word_1_155' title='bbox 2146 1344 2283 1412; x_wconf 86' lang='lat' dir='ltr'>canonici</span> 
     </span>
     <span class='ocr_line' id='line_1_12' title="bbox 270 1437 2283 1535; baseline 0.001 -25"><span class='ocrx_word' id='word_1_156' title='bbox 270 1441 459 1532; x_wconf 84' lang='lat' dir='ltr'>praccipio,</span> <span class='ocrx_word' id='word_1_157' title='bbox 486 1441 534 1512; x_wconf 86' lang='lat' dir='ltr'>ita</span> <span class='ocrx_word' id='word_1_158' title='bbox 550 1465 627 1512; x_wconf 92' lang='lat' dir='ltr'>sum</span> <span class='ocrx_word' id='word_1_159' title='bbox 640 1438 801 1516; x_wconf 81' lang='lat' dir='ltr'>hortator</span> <span class='ocrx_word' id='word_1_160' title='bbox 813 1445 882 1514; x_wconf 90' lang='lat' dir='ltr'>mei</span> <span class='ocrx_word' id='word_1_161' title='bbox 894 1445 964 1516; x_wconf 89' lang='lat' dir='ltr'>loci</span> <span class='ocrx_word' id='word_1_162' title='bbox 981 1441 1198 1522; x_wconf 86' lang='lat' dir='ltr'>hominibus,</span> <span class='ocrx_word' id='word_1_163' title='bbox 1224 1441 1263 1512; x_wconf 92' lang='lat' dir='ltr'>id</span> <span class='ocrx_word' id='word_1_164' title='bbox 1311 1457 1393 1512; x_wconf 85' lang='lat' dir='ltr'>cum</span> <span class='ocrx_word' id='word_1_165' title='bbox 1426 1437 1555 1512; x_wconf 84' lang='lat' dir='ltr'>scholis</span> <span class='ocrx_word' id='word_1_166' title='bbox 1595 1467 1799 1514; x_wconf 88' lang='lat' dir='ltr'>communes</span> <span class='ocrx_word' id='word_1_167' title='bbox 1838 1445 2019 1513; x_wconf 83' lang='lat' dir='ltr'>facultates</span> <span class='ocrx_word' id='word_1_168' title='bbox 2055 1444 2175 1535; x_wconf 88' lang='lat' dir='ltr'>partiti</span> <span class='ocrx_word' id='word_1_169' title='bbox 2210 1459 2283 1514; x_wconf 87' lang='lat' dir='ltr'>suut.</span> 
     </span>
     <span class='ocr_line' id='line_1_13' title="bbox 270 1539 2283 1636; baseline -0.001 -21"><span class='ocrx_word' id='word_1_170' title='bbox 270 1541 406 1626; x_wconf 84' lang='lat' dir='ltr'>estiis,</span> <span class='ocrx_word' id='word_1_171' title='bbox 430 1543 493 1634; x_wconf 86' lang='lat' dir='ltr'>qui</span> <span class='ocrx_word' id='word_1_172' title='bbox 521 1544 648 1635; x_wconf 87' lang='lat' dir='ltr'>passim</span> <span class='ocrx_word' id='word_1_173' title='bbox 675 1547 803 1616; x_wconf 85' lang='lat' dir='ltr'>docent</span> <span class='ocrx_word' id='word_1_174' title='bbox 832 1547 951 1617; x_wconf 85' lang='lat' dir='ltr'>literas</span> <span class='ocrx_word' id='word_1_175' title='bbox 981 1547 1019 1615; x_wconf 90' lang='lat' dir='ltr'>in</span> <span class='ocrx_word' id='word_1_176' title='bbox 1044 1540 1191 1626; x_wconf 89' lang='lat' dir='ltr'>scholis,</span> <span class='ocrx_word' id='word_1_177' title='bbox 1222 1554 1264 1614; x_wconf 88' lang='lat' dir='ltr'>ut</span> <span class='ocrx_word' id='word_1_178' title='bbox 1310 1539 1406 1616; x_wconf 83' lang='lat' dir='ltr'>Haec</span> <span class='ocrx_word' id='word_1_179' title='bbox 1435 1543 1590 1612; x_wconf 88' lang='lat' dir='ltr'>narratio</span> <span class='ocrx_word' id='word_1_180' title='bbox 1615 1567 1688 1612; x_wconf 89' lang='lat' dir='ltr'>non</span> <span class='ocrx_word' id='word_1_181' title='bbox 1715 1545 1831 1614; x_wconf 89' lang='lat' dir='ltr'>solum</span> <span class='ocrx_word' id='word_1_182' title='bbox 1859 1547 1991 1615; x_wconf 80' lang='lat' dir='ltr'>illustri</span> <span class='ocrx_word' id='word_1_183' title='bbox 2016 1545 2170 1636; x_wconf 80' lang='lat' dir='ltr'>imagine</span> <span class='ocrx_word' id='word_1_184' title='bbox 2190 1547 2283 1636; x_wconf 78' lang='lat' dir='ltr'>pinsit</span> 
     </span>
     <span class='ocr_line' id='line_1_14' title="bbox 267 1637 2308 1754; baseline 0 -40"><span class='ocrx_word' id='word_1_185' title='bbox 267 1637 366 1725; x_wconf 71' lang='lat' dir='ltr'>‚lrunc</span> <span class='ocrx_word' id='word_1_186' title='bbox 379 1643 496 1736; x_wconf 89' lang='lat' dir='ltr'>ipsum</span> <span class='ocrx_word' id='word_1_187' title='bbox 510 1646 672 1718; x_wconf 91' lang='lat' dir='ltr'>libellum</span> <span class='ocrx_word' id='word_1_188' title='bbox 687 1647 925 1718; x_wconf 89' lang='lat' dir='ltr'>suisalumnis</span> <span class='ocrx_word' id='word_1_189' title='bbox 941 1659 1140 1738; x_wconf 90' lang='lat' dir='ltr'>proponant</span> <span class='ocrx_word' id='word_1_190' title='bbox 1162 1658 1196 1716; x_wconf 90' lang='lat' dir='ltr'>et</span> <span class='ocrx_word' id='word_1_191' title='bbox 1217 1646 1262 1714; x_wconf 89' lang='lat' dir='ltr'>ad</span> <span class='ocrx_word' id='word_1_192' title='bbox 1310 1639 1511 1714; x_wconf 86' lang='lat' dir='ltr'>scholarum</span> <span class='ocrx_word' id='word_1_193' title='bbox 1529 1658 1564 1714; x_wconf 89' lang='lat' dir='ltr'>et</span> <span class='ocrx_word' id='word_1_194' title='bbox 1586 1643 1768 1716; x_wconf 87' lang='lat' dir='ltr'>literamm</span> <span class='ocrx_word' id='word_1_195' title='bbox 1793 1647 2048 1736; x_wconf 88' lang='lat' dir='ltr'>neglectionem</span> <span class='ocrx_word' id='word_1_196' title='bbox 2073 1648 2282 1738; x_wconf 83' lang='lat' dir='ltr'>perniciosam</span> <span class='ocrx_word' id='word_1_197' title='bbox 2307 1699 2308 1754; x_wconf 54' lang='lat' dir='ltr'>p</span> 
     </span>
     <span class='ocr_line' id='line_1_15' title="bbox 268 1743 2308 1842; baseline 0 -26"><span class='ocrx_word' id='word_1_198' title='bbox 268 1744 470 1816; x_wconf 81' lang='lat' dir='ltr'>fabularum</span> <span class='ocrx_word' id='word_1_199' title='bbox 502 1747 740 1837; x_wconf 89' lang='lat' dir='ltr'>cognitionem</span> <span class='ocrx_word' id='word_1_200' title='bbox 779 1763 884 1842; x_wconf 87' lang='lat' dir='ltr'>atque</span> <span class='ocrx_word' id='word_1_201' title='bbox 918 1773 1073 1818; x_wconf 87' lang='lat' dir='ltr'>amorem</span> <span class='ocrx_word' id='word_1_202' title='bbox 1111 1745 1263 1816; x_wconf 83' lang='lat' dir='ltr'>invitent</span> <span class='ocrx_word' id='word_1_203' title='bbox 1310 1745 1403 1814; x_wconf 86' lang='lat' dir='ltr'>vitae</span> <span class='ocrx_word' id='word_1_204' title='bbox 1417 1743 1608 1828; x_wconf 88' lang='lat' dir='ltr'>communi,</span> <span class='ocrx_word' id='word_1_205' title='bbox 1624 1749 1685 1816; x_wconf 87' lang='lat' dir='ltr'>sed</span> <span class='ocrx_word' id='word_1_206' title='bbox 1702 1747 1807 1816; x_wconf 92' lang='lat' dir='ltr'>etiam</span> <span class='ocrx_word' id='word_1_207' title='bbox 1823 1747 1982 1820; x_wconf 90' lang='lat' dir='ltr'>narranti</span> <span class='ocrx_word' id='word_1_208' title='bbox 1997 1763 2204 1818; x_wconf 89' lang='lat' dir='ltr'>ornamento</span> <span class='ocrx_word' id='word_1_209' title='bbox 2218 1761 2308 1818; x_wconf 60' lang='lat' dir='ltr'>erati</span> 
     </span>
     <span class='ocr_line' id='line_1_16' title="bbox 268 1843 2282 1938; baseline 0.001 -22"><span class='ocrx_word' id='word_1_210' title='bbox 268 1859 388 1916; x_wconf 83' lang='lat' dir='ltr'>tenera</span> <span class='ocrx_word' id='word_1_211' title='bbox 403 1846 556 1935; x_wconf 90' lang='lat' dir='ltr'>ingenia.</span> <span class='ocrx_word' id='word_1_212' title='bbox 590 1846 729 1920; x_wconf 88' lang='lat' dir='ltr'>Multae</span> <span class='ocrx_word' id='word_1_213' title='bbox 743 1851 838 1920; x_wconf 90' lang='lat' dir='ltr'>enim</span> <span class='ocrx_word' id='word_1_214' title='bbox 852 1850 1021 1923; x_wconf 87' lang='lat' dir='ltr'>utilitates</span> <span class='ocrx_word' id='word_1_215' title='bbox 1036 1859 1262 1919; x_wconf 86' lang='lat' dir='ltr'>concurrunt.</span> <span class='ocrx_word' id='word_1_216' title='bbox 1309 1843 1468 1916; x_wconf 87' lang='lat' dir='ltr'>Multum</span> <span class='ocrx_word' id='word_1_217' title='bbox 1491 1848 1675 1938; x_wconf 88' lang='lat' dir='ltr'>profutura</span> <span class='ocrx_word' id='word_1_218' title='bbox 1700 1862 1752 1919; x_wconf 87' lang='lat' dir='ltr'>cst</span> <span class='ocrx_word' id='word_1_219' title='bbox 1778 1851 1997 1920; x_wconf 72' lang='lat' dir='ltr'>conseretudo</span> <span class='ocrx_word' id='word_1_220' title='bbox 2019 1849 2193 1920; x_wconf 84' lang='lat' dir='ltr'>recitandi</span> <span class='ocrx_word' id='word_1_221' title='bbox 2215 1849 2282 1920; x_wconf 87' lang='lat' dir='ltr'>tales</span> 
     </span>
     <span class='ocr_line' id='line_1_17' title="bbox 268 1943 2308 2043; baseline 0 -25"><span class='ocrx_word' id='word_1_222' title='bbox 268 1945 464 2018; x_wconf 84' lang='lat' dir='ltr'>Discuntur</span> <span class='ocrx_word' id='word_1_223' title='bbox 489 1943 548 2018; x_wconf 88' lang='lat' dir='ltr'>hic</span> <span class='ocrx_word' id='word_1_224' title='bbox 574 1949 667 2020; x_wconf 88' lang='lat' dir='ltr'>vitae</span> <span class='ocrx_word' id='word_1_225' title='bbox 691 1965 890 2043; x_wconf 88' lang='lat' dir='ltr'>praecepta,</span> <span class='ocrx_word' id='word_1_226' title='bbox 923 1975 1033 2042; x_wconf 90' lang='lat' dir='ltr'>genus</span> <span class='ocrx_word' id='word_1_227' title='bbox 1058 1971 1262 2019; x_wconf 89' lang='lat' dir='ltr'>sermonum</span> <span class='ocrx_word' id='word_1_228' title='bbox 1310 1947 1530 2021; x_wconf 87' lang='lat' dir='ltr'>narrationes</span> <span class='ocrx_word' id='word_1_229' title='bbox 1558 1949 1603 2018; x_wconf 90' lang='lat' dir='ltr'>ad</span> <span class='ocrx_word' id='word_1_230' title='bbox 1630 1953 1903 2042; x_wconf 84' lang='lat' dir='ltr'>comparandam</span> <span class='ocrx_word' id='word_1_231' title='bbox 1936 1951 2023 2022; x_wconf 91' lang='lat' dir='ltr'>boni</span> <span class='ocrx_word' id='word_1_232' title='bbox 2045 1951 2216 2020; x_wconf 84' lang='lat' dir='ltr'>sermonis</span> <span class='ocrx_word' id='word_1_233' title='bbox 2236 1975 2308 2028; x_wconf 59' lang='lat' dir='ltr'>co,</span> 
     </span>
     <span class='ocr_line' id='line_1_18' title="bbox 269 2041 2282 2144; baseline -0.002 -24"><span class='ocrx_word' id='word_1_234' title='bbox 269 2041 497 2141; x_wconf 89' lang='lat' dir='ltr'>hincpurum</span> <span class='ocrx_word' id='word_1_235' title='bbox 513 2050 682 2136; x_wconf 88' lang='lat' dir='ltr'>sumitur,</span> <span class='ocrx_word' id='word_1_236' title='bbox 707 2067 962 2144; x_wconf 87' lang='lat' dir='ltr'>praeparantur</span> <span class='ocrx_word' id='word_1_237' title='bbox 979 2053 1119 2142; x_wconf 89' lang='lat' dir='ltr'>ingenia</span> <span class='ocrx_word' id='word_1_238' title='bbox 1136 2052 1181 2118; x_wconf 90' lang='lat' dir='ltr'>ad</span> <span class='ocrx_word' id='word_1_239' title='bbox 1203 2050 1262 2121; x_wconf 89' lang='lat' dir='ltr'>in·</span> <span class='ocrx_word' id='word_1_240' title='bbox 1310 2049 1417 2140; x_wconf 80' lang='lat' dir='ltr'>piam.</span> <span class='ocrx_word' id='word_1_241' title='bbox 1451 2045 1546 2118; x_wconf 84' lang='lat' dir='ltr'>llaec</span> <span class='ocrx_word' id='word_1_242' title='bbox 1559 2049 1694 2122; x_wconf 90' lang='lat' dir='ltr'>utilitas</span> <span class='ocrx_word' id='word_1_243' title='bbox 1706 2051 1736 2118; x_wconf 89' lang='lat' dir='ltr'>si</span> <span class='ocrx_word' id='word_1_244' title='bbox 1752 2052 1825 2121; x_wconf 91' lang='lat' dir='ltr'>sola</span> <span class='ocrx_word' id='word_1_245' title='bbox 1840 2066 2027 2144; x_wconf 85' lang='lat' dir='ltr'>peteretur,</span> <span class='ocrx_word' id='word_1_246' title='bbox 2043 2066 2166 2122; x_wconf 67' lang='lat' dir='ltr'>nmen</span> <span class='ocrx_word' id='word_1_247' title='bbox 2181 2074 2282 2138; x_wconf 84' lang='lat' dir='ltr'>magua</span> 
     </span>
     <span class='ocr_line' id='line_1_19' title="bbox 269 2149 2282 2246; baseline -0 -26"><span class='ocrx_word' id='word_1_248' title='bbox 269 2149 447 2220; x_wconf 86' lang='lat' dir='ltr'>tellectum</span> <span class='ocrx_word' id='word_1_249' title='bbox 464 2151 655 2242; x_wconf 87' lang='lat' dir='ltr'>figurarum</span> <span class='ocrx_word' id='word_1_250' title='bbox 673 2153 995 2244; x_wconf 84' lang='lat' dir='ltr'>etallegoriamm,</span> <span class='ocrx_word' id='word_1_251' title='bbox 1020 2177 1112 2246; x_wconf 89' lang='lat' dir='ltr'>quae</span> <span class='ocrx_word' id='word_1_252' title='bbox 1130 2151 1262 2222; x_wconf 89' lang='lat' dir='ltr'>multae</span> <span class='ocrx_word' id='word_1_253' title='bbox 1309 2164 1415 2235; x_wconf 86' lang='lat' dir='ltr'>esset;</span> <span class='ocrx_word' id='word_1_254' title='bbox 1440 2153 1499 2220; x_wconf 89' lang='lat' dir='ltr'>sed</span> <span class='ocrx_word' id='word_1_255' title='bbox 1523 2153 1694 2224; x_wconf 88' lang='lat' dir='ltr'>accedunt</span> <span class='ocrx_word' id='word_1_256' title='bbox 1715 2151 1824 2232; x_wconf 89' lang='lat' dir='ltr'>aliae,</span> <span class='ocrx_word' id='word_1_257' title='bbox 1851 2155 1945 2245; x_wconf 89' lang='lat' dir='ltr'>quod</span> <span class='ocrx_word' id='word_1_258' title='bbox 1964 2167 1998 2223; x_wconf 92' lang='lat' dir='ltr'>et</span> <span class='ocrx_word' id='word_1_259' title='bbox 2015 2153 2187 2223; x_wconf 83' lang='lat' dir='ltr'>iudicium</span> <span class='ocrx_word' id='word_1_260' title='bbox 2206 2152 2282 2220; x_wconf 87' lang='lat' dir='ltr'>acui-</span> 
     </span>
     <span class='ocr_line' id='line_1_20' title="bbox 269 2250 2282 2346; baseline -0 -26"><span class='ocrx_word' id='word_1_261' title='bbox 269 2263 352 2324; x_wconf 86' lang='lat' dir='ltr'>sunt</span> <span class='ocrx_word' id='word_1_262' title='bbox 380 2251 419 2320; x_wconf 90' lang='lat' dir='ltr'>in</span> <span class='ocrx_word' id='word_1_263' title='bbox 442 2253 603 2322; x_wconf 88' lang='lat' dir='ltr'>doctrina</span> <span class='ocrx_word' id='word_1_264' title='bbox 634 2255 795 2341; x_wconf 85' lang='lat' dir='ltr'>coelesti,</span> <span class='ocrx_word' id='word_1_265' title='bbox 828 2271 863 2328; x_wconf 89' lang='lat' dir='ltr'>et</span> <span class='ocrx_word' id='word_1_266' title='bbox 884 2259 1104 2328; x_wconf 89' lang='lat' dir='ltr'>consuetudo</span> <span class='ocrx_word' id='word_1_267' title='bbox 1126 2267 1205 2344; x_wconf 85' lang='lat' dir='ltr'>apte</span> <span class='ocrx_word' id='word_1_268' title='bbox 1227 2266 1262 2324; x_wconf 89' lang='lat' dir='ltr'>et</span> <span class='ocrx_word' id='word_1_269' title='bbox 1309 2264 1368 2326; x_wconf 88' lang='lat' dir='ltr'>tur</span> <span class='ocrx_word' id='word_1_270' title='bbox 1387 2267 1424 2322; x_wconf 85' lang='lat' dir='ltr'>et</span> <span class='ocrx_word' id='word_1_271' title='bbox 1447 2251 1556 2322; x_wconf 88' lang='lat' dir='ltr'>alitur</span> <span class='ocrx_word' id='word_1_272' title='bbox 1582 2277 1701 2322; x_wconf 86' lang='lat' dir='ltr'>rerum</span> <span class='ocrx_word' id='word_1_273' title='bbox 1729 2255 1885 2346; x_wconf 82' lang='lat' dir='ltr'>cognitio</span> <span class='ocrx_word' id='word_1_274' title='bbox 1918 2250 1983 2324; x_wconf 91' lang='lat' dir='ltr'>hac</span> <span class='ocrx_word' id='word_1_275' title='bbox 2011 2269 2106 2326; x_wconf 88' lang='lat' dir='ltr'>tanta</span> <span class='ocrx_word' id='word_1_276' title='bbox 2139 2253 2282 2324; x_wconf 84' lang='lat' dir='ltr'>varietate</span> 
     </span>
     <span class='ocr_line' id='line_1_21' title="bbox 269 2353 2283 2446; baseline -0.001 -21"><span class='ocrx_word' id='word_1_277' title='bbox 269 2353 306 2425; x_wconf 86' lang='lat' dir='ltr'>io</span> <span class='ocrx_word' id='word_1_278' title='bbox 339 2353 417 2424; x_wconf 86' lang='lat' dir='ltr'>loco</span> <span class='ocrx_word' id='word_1_279' title='bbox 443 2353 613 2424; x_wconf 89' lang='lat' dir='ltr'>miscendi</span> <span class='ocrx_word' id='word_1_280' title='bbox 639 2357 796 2426; x_wconf 86' lang='lat' dir='ltr'>fabulam</span> <span class='ocrx_word' id='word_1_281' title='bbox 822 2359 979 2428; x_wconf 88' lang='lat' dir='ltr'>sermoni</span> <span class='ocrx_word' id='word_1_282' title='bbox 1005 2357 1098 2427; x_wconf 89' lang='lat' dir='ltr'>iuter</span> <span class='ocrx_word' id='word_1_283' title='bbox 1130 2355 1261 2424; x_wconf 75' lang='lat' dir='ltr'>etnicos</span> <span class='ocrx_word' id='word_1_284' title='bbox 1308 2353 1517 2442; x_wconf 77' lang='lat' dir='ltr'>imaginum,</span> <span class='ocrx_word' id='word_1_285' title='bbox 1540 2377 1630 2446; x_wconf 88' lang='lat' dir='ltr'>quae</span> <span class='ocrx_word' id='word_1_286' title='bbox 1644 2379 1685 2424; x_wconf 83' lang='lat' dir='ltr'>ex</span> <span class='ocrx_word' id='word_1_287' title='bbox 1702 2365 1774 2426; x_wconf 91' lang='lat' dir='ltr'>tota</span> <span class='ocrx_word' id='word_1_288' title='bbox 1787 2369 1915 2431; x_wconf 87' lang='lat' dir='ltr'>natura</span> <span class='ocrx_word' id='word_1_289' title='bbox 1926 2369 2132 2440; x_wconf 90' lang='lat' dir='ltr'>sumuntur,</span> <span class='ocrx_word' id='word_1_290' title='bbox 2157 2371 2190 2424; x_wconf 90' lang='lat' dir='ltr'>et</span> <span class='ocrx_word' id='word_1_291' title='bbox 2204 2356 2283 2444; x_wconf 84' lang='lat' dir='ltr'>lepus</span> 
     </span>
     <span class='ocr_line' id='line_1_22' title="bbox 266 2454 2282 2550; baseline 0 -28"><span class='ocrx_word' id='word_1_292' title='bbox 266 2477 435 2542; x_wconf 84' lang='lat' dir='ltr'>magnum</span> <span class='ocrx_word' id='word_1_293' title='bbox 460 2457 566 2526; x_wconf 85' lang='lat' dir='ltr'>decus</span> <span class='ocrx_word' id='word_1_294' title='bbox 588 2468 639 2525; x_wconf 88' lang='lat' dir='ltr'>est</span> <span class='ocrx_word' id='word_1_295' title='bbox 668 2470 702 2528; x_wconf 89' lang='lat' dir='ltr'>et</span> <span class='ocrx_word' id='word_1_296' title='bbox 725 2471 798 2528; x_wconf 84' lang='lat' dir='ltr'>non</span> <span class='ocrx_word' id='word_1_297' title='bbox 826 2458 942 2528; x_wconf 91' lang='lat' dir='ltr'>solum</span> <span class='ocrx_word' id='word_1_298' title='bbox 972 2457 1165 2541; x_wconf 89' lang='lat' dir='ltr'>comitatis,</span> <span class='ocrx_word' id='word_1_299' title='bbox 1199 2459 1260 2524; x_wconf 87' lang='lat' dir='ltr'>scd</span> <span class='ocrx_word' id='word_1_300' title='bbox 1309 2455 1423 2526; x_wconf 82' lang='lat' dir='ltr'>adfert</span> <span class='ocrx_word' id='word_1_301' title='bbox 1446 2454 1664 2541; x_wconf 88' lang='lat' dir='ltr'>comitatem,</span> <span class='ocrx_word' id='word_1_302' title='bbox 1688 2481 1779 2550; x_wconf 84' lang='lat' dir='ltr'>quae</span> <span class='ocrx_word' id='word_1_303' title='bbox 1800 2457 1913 2527; x_wconf 90' lang='lat' dir='ltr'>virtus</span> <span class='ocrx_word' id='word_1_304' title='bbox 1928 2480 2097 2547; x_wconf 85' lang='lat' dir='ltr'>magnum</span> <span class='ocrx_word' id='word_1_305' title='bbox 2123 2471 2175 2526; x_wconf 86' lang='lat' dir='ltr'>est</span> <span class='ocrx_word' id='word_1_306' title='bbox 2196 2479 2282 2525; x_wconf 88' lang='lat' dir='ltr'>orna-</span> 
     </span>
     <span class='ocr_line' id='line_1_23' title="bbox 223 2549 2282 2650; baseline -0.001 -24"><span class='ocrx_word' id='word_1_307' title='bbox 223 2577 236 2600; x_wconf 83' lang='lat'><strong>·</strong></span> <span class='ocrx_word' id='word_1_308' title='bbox 267 2554 372 2632; x_wconf 77' lang='lat' dir='ltr'>etiam</span> <span class='ocrx_word' id='word_1_309' title='bbox 394 2557 603 2646; x_wconf 83' lang='lat' dir='ltr'>prudentiae</span> <span class='ocrx_word' id='word_1_310' title='bbox 624 2557 764 2628; x_wconf 86' lang='lat' dir='ltr'>laudem</span> <span class='ocrx_word' id='word_1_311' title='bbox 786 2561 910 2632; x_wconf 83' lang='lat' dir='ltr'>adfert.</span> <span class='ocrx_word' id='word_1_312' title='bbox 962 2558 1011 2632; x_wconf 88' lang='lat' dir='ltr'>Ut</span> <span class='ocrx_word' id='word_1_313' title='bbox 1033 2581 1148 2650; x_wconf 86' lang='lat' dir='ltr'>nuper</span> <span class='ocrx_word' id='word_1_314' title='bbox 1170 2558 1260 2626; x_wconf 85' lang='lat' dir='ltr'>ami·</span> <span class='ocrx_word' id='word_1_315' title='bbox 1307 2569 1465 2626; x_wconf 91' lang='lat' dir='ltr'>mentum</span> <span class='ocrx_word' id='word_1_316' title='bbox 1484 2549 1659 2642; x_wconf 90' lang='lat' dir='ltr'>hominis,</span> <span class='ocrx_word' id='word_1_317' title='bbox 1683 2569 1717 2628; x_wconf 88' lang='lat' dir='ltr'>et</span> <span class='ocrx_word' id='word_1_318' title='bbox 1731 2581 1834 2650; x_wconf 87' lang='lat' dir='ltr'>saepe</span> <span class='ocrx_word' id='word_1_319' title='bbox 1851 2559 2012 2628; x_wconf 89' lang='lat' dir='ltr'>incensos</span> <span class='ocrx_word' id='word_1_320' title='bbox 2028 2559 2139 2639; x_wconf 88' lang='lat' dir='ltr'>odiis,</span> <span class='ocrx_word' id='word_1_321' title='bbox 2164 2569 2221 2628; x_wconf 90' lang='lat' dir='ltr'>aut</span> <span class='ocrx_word' id='word_1_322' title='bbox 2235 2553 2282 2634; x_wconf 83' lang='lat' dir='ltr'>ica,</span> 
     </span>
     <span class='ocr_line' id='line_1_24' title="bbox 267 2655 2282 2750; baseline 0 -23"><span class='ocrx_word' id='word_1_323' title='bbox 267 2676 329 2727; x_wconf 80' lang='lat' dir='ltr'>eus</span> <span class='ocrx_word' id='word_1_324' title='bbox 347 2655 523 2748; x_wconf 87' lang='lat' dir='ltr'>quispiam</span> <span class='ocrx_word' id='word_1_325' title='bbox 544 2658 581 2728; x_wconf 88' lang='lat' dir='ltr'>in</span> <span class='ocrx_word' id='word_1_326' title='bbox 605 2659 810 2748; x_wconf 86' lang='lat' dir='ltr'>gravissimo</span> <span class='ocrx_word' id='word_1_327' title='bbox 833 2684 994 2732; x_wconf 86' lang='lat' dir='ltr'>sermone</span> <span class='ocrx_word' id='word_1_328' title='bbox 1011 2663 1055 2732; x_wconf 91' lang='lat' dir='ltr'>de</span> <span class='ocrx_word' id='word_1_329' title='bbox 1076 2658 1258 2750; x_wconf 85' lang='lat' dir='ltr'>republica</span> <span class='ocrx_word' id='word_1_330' title='bbox 1306 2657 1423 2728; x_wconf 87' lang='lat' dir='ltr'>subito</span> <span class='ocrx_word' id='word_1_331' title='bbox 1442 2657 1551 2742; x_wconf 88' lang='lat' dir='ltr'>lenit,</span> <span class='ocrx_word' id='word_1_332' title='bbox 1584 2681 1685 2748; x_wconf 88' lang='lat' dir='ltr'>saepe</span> <span class='ocrx_word' id='word_1_333' title='bbox 1714 2661 1926 2730; x_wconf 87' lang='lat' dir='ltr'>moestitiam</span> <span class='ocrx_word' id='word_1_334' title='bbox 1954 2659 2073 2750; x_wconf 88' lang='lat' dir='ltr'>pellit,</span> <span class='ocrx_word' id='word_1_335' title='bbox 2107 2673 2142 2729; x_wconf 87' lang='lat' dir='ltr'>ct</span> <span class='ocrx_word' id='word_1_336' title='bbox 2165 2657 2282 2727; x_wconf 85' lang='lat' dir='ltr'>animas</span> 
     </span>
     <span class='ocr_line' id='line_1_25' title="bbox 267 2753 2280 2856; baseline -0.001 -30"><span class='ocrx_word' id='word_1_337' title='bbox 267 2779 347 2826; x_wconf 88' lang='lat' dir='ltr'>cum</span> <span class='ocrx_word' id='word_1_338' title='bbox 362 2753 639 2830; x_wconf 85' lang='lat' dir='ltr'>stomacharetur</span> <span class='ocrx_word' id='word_1_339' title='bbox 653 2761 819 2851; x_wconf 86' lang='lat' dir='ltr'>collegia,</span> <span class='ocrx_word' id='word_1_340' title='bbox 840 2786 931 2856; x_wconf 89' lang='lat' dir='ltr'>quae</span> <span class='ocrx_word' id='word_1_341' title='bbox 945 2775 1067 2834; x_wconf 87' lang='lat' dir='ltr'>tenent</span> <span class='ocrx_word' id='word_1_342' title='bbox 1082 2761 1257 2852; x_wconf 86' lang='lat' dir='ltr'>amplissi-</span> <span class='ocrx_word' id='word_1_343' title='bbox 1307 2759 1460 2830; x_wconf 88' lang='lat' dir='ltr'>traducit</span> <span class='ocrx_word' id='word_1_344' title='bbox 1474 2760 1520 2828; x_wconf 88' lang='lat' dir='ltr'>ad</span> <span class='ocrx_word' id='word_1_345' title='bbox 1533 2761 1691 2842; x_wconf 79' lang='lat' dir='ltr'>adfectus</span> <span class='ocrx_word' id='word_1_346' title='bbox 1704 2761 1808 2831; x_wconf 90' lang='lat' dir='ltr'>utiles</span> <span class='ocrx_word' id='word_1_347' title='bbox 1824 2763 1868 2831; x_wconf 91' lang='lat' dir='ltr'>iis</span> <span class='ocrx_word' id='word_1_348' title='bbox 1882 2761 2049 2850; x_wconf 89' lang='lat' dir='ltr'>negotiis,</span> <span class='ocrx_word' id='word_1_349' title='bbox 2071 2783 2163 2854; x_wconf 87' lang='lat' dir='ltr'>quae</span> <span class='ocrx_word' id='word_1_350' title='bbox 2177 2781 2280 2848; x_wconf 81' lang='lat' dir='ltr'>gersu-</span> 
     </span>
     <span class='ocr_line' id='line_1_26' title="bbox 266 2855 2282 2954; baseline -0 -28"><span class='ocrx_word' id='word_1_351' title='bbox 266 2879 342 2926; x_wconf 91' lang='lat' dir='ltr'>mas</span> <span class='ocrx_word' id='word_1_352' title='bbox 360 2881 443 2950; x_wconf 90' lang='lat' dir='ltr'>opes</span> <span class='ocrx_word' id='word_1_353' title='bbox 460 2861 659 2932; x_wconf 78' lang='lat' dir='ltr'>studiomm</span> <span class='ocrx_word' id='word_1_354' title='bbox 685 2867 900 2934; x_wconf 87' lang='lat' dir='ltr'>tuendorum</span> <span class='ocrx_word' id='word_1_355' title='bbox 921 2887 1044 2948; x_wconf 87' lang='lat' dir='ltr'>causa,</span> <span class='ocrx_word' id='word_1_356' title='bbox 1069 2857 1162 2932; x_wconf 89' lang='lat' dir='ltr'>nihil</span> <span class='ocrx_word' id='word_1_357' title='bbox 1185 2862 1258 2932; x_wconf 88' lang='lat' dir='ltr'>fere</span> <span class='ocrx_word' id='word_1_358' title='bbox 1307 2861 1351 2934; x_wconf 89' lang='lat' dir='ltr'>da</span> <span class='ocrx_word' id='word_1_359' title='bbox 1386 2872 1488 2944; x_wconf 90' lang='lat' dir='ltr'>sunt,</span> <span class='ocrx_word' id='word_1_360' title='bbox 1525 2873 1566 2930; x_wconf 92' lang='lat' dir='ltr'>ut</span> <span class='ocrx_word' id='word_1_361' title='bbox 1594 2863 1639 2930; x_wconf 89' lang='lat' dir='ltr'>de</span> <span class='ocrx_word' id='word_1_362' title='bbox 1665 2861 1827 2932; x_wconf 88' lang='lat' dir='ltr'>comitate</span> <span class='ocrx_word' id='word_1_363' title='bbox 1860 2861 2111 2954; x_wconf 86' lang='lat' dir='ltr'>sapientissimi</span> <span class='ocrx_word' id='word_1_364' title='bbox 2140 2855 2282 2930; x_wconf 88' lang='lat' dir='ltr'>homines</span> 
     </span>
     <span class='ocr_line' id='line_1_27' title="bbox 265 2955 2280 3054; baseline 0 -26"><span class='ocrx_word' id='word_1_365' title='bbox 265 2958 426 3030; x_wconf 78' lang='lat' dir='ltr'>desidem</span> <span class='ocrx_word' id='word_1_366' title='bbox 446 2960 530 3031; x_wconf 90' lang='lat' dir='ltr'>inde</span> <span class='ocrx_word' id='word_1_367' title='bbox 548 2965 592 3032; x_wconf 93' lang='lat' dir='ltr'>ad</span> <span class='ocrx_word' id='word_1_368' title='bbox 613 2965 781 3034; x_wconf 85' lang='lat' dir='ltr'>fovendas</span> <span class='ocrx_word' id='word_1_369' title='bbox 804 2961 960 3050; x_wconf 89' lang='lat' dir='ltr'>scholas,</span> <span class='ocrx_word' id='word_1_370' title='bbox 984 2961 1079 3038; x_wconf 88' lang='lat' dir='ltr'>hunc</span> <span class='ocrx_word' id='word_1_371' title='bbox 1099 2962 1258 3034; x_wconf 86' lang='lat' dir='ltr'>narravit</span> <span class='ocrx_word' id='word_1_372' title='bbox 1305 2960 1419 3033; x_wconf 87' lang='lat' dir='ltr'>multa</span> <span class='ocrx_word' id='word_1_373' title='bbox 1442 2973 1705 3053; x_wconf 87' lang='lat' dir='ltr'>praeceperunt.</span> <span class='ocrx_word' id='word_1_374' title='bbox 1757 2960 1894 3054; x_wconf 84' lang='lat' dir='ltr'>Legunt</span> <span class='ocrx_word' id='word_1_375' title='bbox 1915 2964 2025 3054; x_wconf 87' lang='lat' dir='ltr'>igitur</span> <span class='ocrx_word' id='word_1_376' title='bbox 2044 2975 2080 3034; x_wconf 89' lang='lat' dir='ltr'>et</span> <span class='ocrx_word' id='word_1_377' title='bbox 2096 2975 2213 3032; x_wconf 87' lang='lat' dir='ltr'>ament</span> <span class='ocrx_word' id='word_1_378' title='bbox 2231 2955 2280 3028; x_wconf 86' lang='lat' dir='ltr'>lus</span> 
     </span>
     <span class='ocr_line' id='line_1_28' title="bbox 265 3056 2281 3158; baseline 0 -30"><span class='ocrx_word' id='word_1_379' title='bbox 265 3056 470 3150; x_wconf 81' lang='lat' dir='ltr'>apologum:</span> <span class='ocrx_word' id='word_1_380' title='bbox 496 3061 667 3150; x_wconf 77' lang='lat' dir='ltr'>Rusticus</span> <span class='ocrx_word' id='word_1_381' title='bbox 686 3087 790 3156; x_wconf 87' lang='lat' dir='ltr'>egens</span> <span class='ocrx_word' id='word_1_382' title='bbox 813 3089 853 3138; x_wconf 91' lang='lat' dir='ltr'>ac</span> <span class='ocrx_word' id='word_1_383' title='bbox 876 3066 1032 3138; x_wconf 87' lang='lat' dir='ltr'>esuriens</span> <span class='ocrx_word' id='word_1_384' title='bbox 1061 3068 1099 3136; x_wconf 92' lang='lat' dir='ltr'>in</span> <span class='ocrx_word' id='word_1_385' title='bbox 1130 3065 1256 3136; x_wconf 88' lang='lat' dir='ltr'>itinere</span> <span class='ocrx_word' id='word_1_386' title='bbox 1305 3063 1443 3135; x_wconf 89' lang='lat' dir='ltr'>fabulas</span> <span class='ocrx_word' id='word_1_387' title='bbox 1460 3063 1608 3133; x_wconf 88' lang='lat' dir='ltr'>studiosi</span> <span class='ocrx_word' id='word_1_388' title='bbox 1621 3086 1757 3149; x_wconf 89' lang='lat' dir='ltr'>omues,</span> <span class='ocrx_word' id='word_1_389' title='bbox 1777 3081 1811 3136; x_wconf 88' lang='lat' dir='ltr'>ct</span> <span class='ocrx_word' id='word_1_390' title='bbox 1824 3069 1870 3136; x_wconf 91' lang='lat' dir='ltr'>ad</span> <span class='ocrx_word' id='word_1_391' title='bbox 1885 3088 1954 3150; x_wconf 91' lang='lat' dir='ltr'>eas,</span> <span class='ocrx_word' id='word_1_392' title='bbox 1979 3077 2148 3158; x_wconf 89' lang='lat' dir='ltr'>tanquam</span> <span class='ocrx_word' id='word_1_393' title='bbox 2163 3066 2205 3132; x_wconf 91' lang='lat' dir='ltr'>ad</span> <span class='ocrx_word' id='word_1_394' title='bbox 2218 3083 2281 3152; x_wconf 88' lang='lat' dir='ltr'>spe-</span> 
     </span>
     <span class='ocr_line' id='line_1_29' title="bbox 200 3157 2281 3262; baseline 0.001 -33"><span class='ocrx_word' id='word_1_395' title='bbox 200 3229 219 3246; x_wconf 57' lang='lat'>,</span> <span class='ocrx_word' id='word_1_396' title='bbox 264 3157 484 3246; x_wconf 82' lang='lat' dir='ltr'>Mercurium</span> <span class='ocrx_word' id='word_1_397' title='bbox 508 3180 603 3249; x_wconf 89' lang='lat' dir='ltr'>orat,</span> <span class='ocrx_word' id='word_1_398' title='bbox 627 3179 668 3236; x_wconf 90' lang='lat' dir='ltr'>ut</span> <span class='ocrx_word' id='word_1_399' title='bbox 687 3168 754 3236; x_wconf 89' lang='lat' dir='ltr'>sibi</span> <span class='ocrx_word' id='word_1_400' title='bbox 770 3168 897 3240; x_wconf 83' lang='lat' dir='ltr'>offerat</span> <span class='ocrx_word' id='word_1_401' title='bbox 917 3168 1051 3262; x_wconf 87' lang='lat' dir='ltr'>aliquid</span> <span class='ocrx_word' id='word_1_402' title='bbox 1078 3167 1259 3250; x_wconf 88' lang='lat' dir='ltr'>mercium,</span> <span class='ocrx_word' id='word_1_403' title='bbox 1306 3163 1443 3245; x_wconf 90' lang='lat' dir='ltr'>culum,</span> <span class='ocrx_word' id='word_1_404' title='bbox 1469 3163 1579 3234; x_wconf 86' lang='lat' dir='ltr'>vitam</span> <span class='ocrx_word' id='word_1_405' title='bbox 1593 3166 1793 3252; x_wconf 80' lang='lat' dir='ltr'>conferant3</span> <span class='ocrx_word' id='word_1_406' title='bbox 1818 3167 1948 3260; x_wconf 89' lang='lat' dir='ltr'>quodsi</span> <span class='ocrx_word' id='word_1_407' title='bbox 1963 3167 2114 3248; x_wconf 85' lang='lat' dir='ltr'>facient,</span> <span class='ocrx_word' id='word_1_408' title='bbox 2141 3163 2281 3234; x_wconf 81' lang='lat' dir='ltr'>animad-</span> 
     </span>
     <span class='ocr_line' id='line_1_30' title="bbox 265 3261 2280 3362; baseline 0 -32"><span class='ocrx_word' id='word_1_409' title='bbox 265 3283 351 3353; x_wconf 86' lang='lat' dir='ltr'>quas</span> <span class='ocrx_word' id='word_1_410' title='bbox 366 3261 435 3332; x_wconf 88' lang='lat' dir='ltr'>iam</span> <span class='ocrx_word' id='word_1_411' title='bbox 452 3263 491 3332; x_wconf 90' lang='lat' dir='ltr'>in</span> <span class='ocrx_word' id='word_1_412' title='bbox 507 3265 562 3334; x_wconf 84' lang='lat' dir='ltr'>via</span> <span class='ocrx_word' id='word_1_413' title='bbox 583 3268 720 3342; x_wconf 85' lang='lat' dir='ltr'>relictas</span> <span class='ocrx_word' id='word_1_414' title='bbox 738 3267 912 3352; x_wconf 85' lang='lat' dir='ltr'>inveniat,</span> <span class='ocrx_word' id='word_1_415' title='bbox 936 3293 976 3342; x_wconf 87' lang='lat' dir='ltr'>ac</span> <span class='ocrx_word' id='word_1_416' title='bbox 1000 3267 1257 3362; x_wconf 82' lang='lat' dir='ltr'>polliceturdi-</span> <span class='ocrx_word' id='word_1_417' title='bbox 1305 3277 1443 3339; x_wconf 84' lang='lat' dir='ltr'>verteut</span> <span class='ocrx_word' id='word_1_418' title='bbox 1467 3267 1665 3337; x_wconf 85' lang='lat' dir='ltr'>doctrinam</span> <span class='ocrx_word' id='word_1_419' title='bbox 1680 3268 1725 3336; x_wconf 89' lang='lat' dir='ltr'>de</span> <span class='ocrx_word' id='word_1_420' title='bbox 1746 3269 1867 3340; x_wconf 85' lang='lat' dir='ltr'>multis</span> <span class='ocrx_word' id='word_1_421' title='bbox 1889 3269 2011 3348; x_wconf 87' lang='lat' dir='ltr'>rebus,</span> <span class='ocrx_word' id='word_1_422' title='bbox 2035 3267 2074 3336; x_wconf 91' lang='lat' dir='ltr'>in</span> <span class='ocrx_word' id='word_1_423' title='bbox 2090 3267 2164 3337; x_wconf 82' lang='lat' dir='ltr'>vita</span> <span class='ocrx_word' id='word_1_424' title='bbox 2182 3287 2280 3334; x_wconf 73' lang='lat' dir='ltr'>ncces</span> 
     </span>
     <span class='ocr_line' id='line_1_31' title="bbox 264 3361 2280 3462; baseline -0.001 -30"><span class='ocrx_word' id='word_1_425' title='bbox 264 3361 466 3434; x_wconf 89' lang='lat' dir='ltr'>midiumse</span> <span class='ocrx_word' id='word_1_426' title='bbox 485 3365 581 3436; x_wconf 88' lang='lat' dir='ltr'>illius</span> <span class='ocrx_word' id='word_1_427' title='bbox 602 3371 732 3460; x_wconf 77' lang='lat' dir='ltr'>tentplo</span> <span class='ocrx_word' id='word_1_428' title='bbox 745 3371 989 3440; x_wconf 86' lang='lat' dir='ltr'>dedicaturum</span> <span class='ocrx_word' id='word_1_429' title='bbox 1004 3395 1088 3445; x_wconf 87' lang='lat' dir='ltr'>csse.</span> <span class='ocrx_word' id='word_1_430' title='bbox 1139 3367 1257 3457; x_wconf 85' lang='lat' dir='ltr'>Pergit</span> <span class='ocrx_word' id='word_1_431' title='bbox 1305 3367 1424 3452; x_wconf 82' lang='lat' dir='ltr'>soriis,</span> <span class='ocrx_word' id='word_1_432' title='bbox 1447 3367 1485 3436; x_wconf 91' lang='lat' dir='ltr'>io</span> <span class='ocrx_word' id='word_1_433' title='bbox 1510 3361 1566 3437; x_wconf 85' lang='lat' dir='ltr'>his</span> <span class='ocrx_word' id='word_1_434' title='bbox 1592 3367 1806 3456; x_wconf 86' lang='lat' dir='ltr'>imaginibus</span> <span class='ocrx_word' id='word_1_435' title='bbox 1827 3369 2042 3462; x_wconf 88' lang='lat' dir='ltr'>propositam</span> <span class='ocrx_word' id='word_1_436' title='bbox 2067 3391 2154 3441; x_wconf 84' lang='lat' dir='ltr'>esse.</span> <span class='ocrx_word' id='word_1_437' title='bbox 2202 3363 2280 3434; x_wconf 83' lang='lat' dir='ltr'>Beue</span> 
     </span>
     <span class='ocr_line' id='line_1_32' title="bbox 263 3464 2279 3566; baseline 0 -32"><span class='ocrx_word' id='word_1_438' title='bbox 263 3464 416 3536; x_wconf 84' lang='lat' dir='ltr'>rusticus</span> <span class='ocrx_word' id='word_1_439' title='bbox 438 3466 530 3536; x_wconf 87' lang='lat' dir='ltr'>dicta</span> <span class='ocrx_word' id='word_1_440' title='bbox 557 3493 658 3560; x_wconf 85' lang='lat' dir='ltr'>prece</span> <span class='ocrx_word' id='word_1_441' title='bbox 683 3473 774 3542; x_wconf 85' lang='lat' dir='ltr'>bona</span> <span class='ocrx_word' id='word_1_442' title='bbox 799 3495 879 3542; x_wconf 89' lang='lat' dir='ltr'>cum</span> <span class='ocrx_word' id='word_1_443' title='bbox 901 3495 979 3564; x_wconf 90' lang='lat' dir='ltr'>spe,</span> <span class='ocrx_word' id='word_1_444' title='bbox 1013 3495 1164 3566; x_wconf 88' lang='lat' dir='ltr'>cumque</span> <span class='ocrx_word' id='word_1_445' title='bbox 1185 3473 1256 3540; x_wconf 85' lang='lat' dir='ltr'>iam</span> <span class='ocrx_word' id='word_1_446' title='bbox 1306 3469 1397 3551; x_wconf 74' lang='lat' dir='ltr'>vela,</span> <span class='ocrx_word' id='word_1_447' title='bbox 1429 3467 1606 3538; x_wconf 88' lang='lat' dir='ltr'>carissime</span> <span class='ocrx_word' id='word_1_448' title='bbox 1630 3469 1699 3552; x_wconf 84' lang='lat' dir='ltr'>fili,</span> <span class='ocrx_word' id='word_1_449' title='bbox 1733 3483 1767 3538; x_wconf 90' lang='lat' dir='ltr'>et</span> <span class='ocrx_word' id='word_1_450' title='bbox 1794 3469 1944 3540; x_wconf 77' lang='lat' dir='ltr'>feliciter</span> <span class='ocrx_word' id='word_1_451' title='bbox 1972 3470 2098 3540; x_wconf 88' lang='lat' dir='ltr'>discito</span> <span class='ocrx_word' id='word_1_452' title='bbox 2124 3469 2236 3538; x_wconf 87' lang='lat' dir='ltr'>literas</span> <span class='ocrx_word' id='word_1_453' title='bbox 2254 3476 2279 3530; x_wconf 82' lang='lat' dir='ltr'>et</span> 
     </span>
     <span class='ocr_line' id='line_1_33' title="bbox 264 3565 2278 3665; baseline -0 -29"><span class='ocrx_word' id='word_1_454' title='bbox 264 3567 416 3644; x_wconf 76' lang='lat' dir='ltr'>sudium</span> <span class='ocrx_word' id='word_1_455' title='bbox 433 3589 545 3638; x_wconf 87' lang='lat' dir='ltr'>unum</span> <span class='ocrx_word' id='word_1_456' title='bbox 565 3571 832 3665; x_wconf 76' lang='lat' dir='ltr'>atquealteruru</span> <span class='ocrx_word' id='word_1_457' title='bbox 850 3589 1012 3646; x_wconf 85' lang='lat' dir='ltr'>emensus</span> <span class='ocrx_word' id='word_1_458' title='bbox 1027 3590 1133 3658; x_wconf 88' lang='lat' dir='ltr'>esset,</span> <span class='ocrx_word' id='word_1_459' title='bbox 1149 3573 1255 3640; x_wconf 75' lang='lat' dir='ltr'>inve·</span> <span class='ocrx_word' id='word_1_460' title='bbox 1305 3569 1519 3659; x_wconf 77' lang='lat' dir='ltr'>‹tiaeiptiuas-</span> <span class='ocrx_word' id='word_1_461' title='bbox 1538 3567 1718 3642; x_wconf 84' lang='lat' dir='ltr'>Ecclesiae</span> <span class='ocrx_word' id='word_1_462' title='bbox 1745 3571 1804 3642; x_wconf 87' lang='lat' dir='ltr'>dei</span> <span class='ocrx_word' id='word_1_463' title='bbox 1834 3571 1950 3642; x_wconf 86' lang='lat' dir='ltr'>utiles.</span> <span class='ocrx_word' id='word_1_464' title='bbox 2008 3567 2135 3642; x_wconf 75' lang='lat' dir='ltr'>Mursa</span> <span class='ocrx_word' id='word_1_465' title='bbox 2157 3565 2278 3640; x_wconf 87' lang='lat' dir='ltr'>Martio.</span> 
     </span>
     <span class='ocr_line' id='line_1_34' title="bbox 263 3666 1455 3770; baseline 0.002 -28"><span class='ocrx_word' id='word_1_466' title='bbox 263 3666 318 3742; x_wconf 87' lang='lat' dir='ltr'>nit</span> <span class='ocrx_word' id='word_1_467' title='bbox 340 3668 463 3761; x_wconf 86' lang='lat' dir='ltr'>plenos</span> <span class='ocrx_word' id='word_1_468' title='bbox 482 3667 639 3744; x_wconf 84' lang='lat' dir='ltr'>calathos</span> <span class='ocrx_word' id='word_1_469' title='bbox 661 3673 924 3770; x_wconf 81' lang='lat' dir='ltr'>amygdalarum</span> <span class='ocrx_word' id='word_1_470' title='bbox 948 3690 983 3746; x_wconf 95' lang='lat' dir='ltr'>et</span> <span class='ocrx_word' id='word_1_471' title='bbox 1007 3675 1255 3770; x_wconf 82' lang='lat' dir='ltr'>palmularum.</span> <span class='ocrx_word' id='word_1_472' title='bbox 1305 3667 1455 3765; x_wconf 73' lang='lat'>(1550.)</span> 
     </span>
    </p>
   </div>
   <div class='ocr_carea' id='block_1_3' title="bbox 694 3915 776 3954">
    <p class='ocr_par' dir='ltr' id='par_1_3' title="bbox 694 3915 776 3954">
     <span class='ocr_line' id='line_1_35' title="bbox 694 3915 776 3954; baseline -0.024 -2"><span class='ocrx_word' id='word_1_473' title='bbox 694 3915 776 3954; x_wconf 79' lang='lat' dir='ltr'>l.,</span> 
     </span>
    </p>
   </div>
   <div class='ocr_carea' id='block_1_4' title="bbox 267 3995 586 4073">
    <p class='ocr_par' dir='ltr' id='par_1_4' title="bbox 267 3995 586 4073">
     <span class='ocr_line' id='line_1_36' title="bbox 267 3995 586 4073; baseline 0.006 -7"><span class='ocrx_word' id='word_1_474' title='bbox 267 3995 342 4070; x_wconf 71' lang='lat' dir='ltr'>No.</span> <span class='ocrx_word' id='word_1_475' title='bbox 359 3995 495 4073; x_wconf 78' lang='lat' dir='ltr'>teau·</span> <span class='ocrx_word' id='word_1_476' title='bbox 580 3995 586 4004; x_wconf 86' lang='lat'>&#39;</span> 
     </span>
    </p>
   </div>
   <div class='ocr_carea' id='block_1_5' title="bbox 266 4091 477 4134">
    <p class='ocr_par' dir='ltr' id='par_1_5' title="bbox 266 4091 477 4134">
     <span class='ocr_line' id='line_1_37' title="bbox 266 4091 477 4134; baseline 0.024 -5"><span class='ocrx_word' id='word_1_477' title='bbox 266 4091 477 4134; x_wconf 50' lang='grc' dir='ltr'><strong><em>Μ</em></strong></span> 
     </span>
    </p>
   </div>
   <div class='ocr_carea' id='block_1_6' title="bbox 268 4007 2275 4344">
    <p class='ocr_par' dir='ltr' id='par_1_6' title="bbox 268 4007 2275 4344">
     <span class='ocr_line' id='line_1_38' title="bbox 1161 4007 2256 4079; baseline 0.04 -55"><span class='ocrx_word' id='word_1_478' title='bbox 1161 4028 1172 4052; x_wconf 24' lang='grc' dir='ltr'>ι,</span> <span class='ocrx_word' id='word_1_479' title='bbox 1252 4040 1255 4053; x_wconf 28' lang='grc' dir='ltr'><em>Α</em></span> <span class='ocrx_word' id='word_1_480' title='bbox 1316 4031 1324 4040; x_wconf 84' lang='grc'><strong>,</strong></span> <span class='ocrx_word' id='word_1_481' title='bbox 2101 4015 2157 4079; x_wconf 73' lang='lat' dir='ltr'>tlt.</span> <span class='ocrx_word' id='word_1_482' title='bbox 2183 4007 2256 4070; x_wconf 73' lang='lat' dir='ltr'>Marr-</span> 
     </span>
     <span class='ocr_line' id='line_1_39' title="bbox 327 4099 2271 4222; baseline 0.038 -63"><span class='ocrx_word' id='word_1_483' title='bbox 327 4195 330 4203; x_wconf 92' lang='lat'><em>.</em></span> <span class='ocrx_word' id='word_1_484' title='bbox 1077 4111 1217 4196; x_wconf 59' lang='lat' dir='ltr'>Berua</span> <span class='ocrx_word' id='word_1_485' title='bbox 1248 4111 1480 4222; x_wconf 82' lang='lat' dir='ltr'>Zs&#39;eglero.</span> <span class='ocrx_word' id='word_1_486' title='bbox 2078 4099 2271 4132; x_wconf 49' lang='grc' dir='ltr'><strong>Μ</strong></span> 
     </span>
     <span class='ocr_line' id='line_1_40' title="bbox 268 4219 2275 4344; baseline 0.011 -33"><span class='ocrx_word' id='word_1_487' title='bbox 268 4235 290 4256; x_wconf 52' lang='grc'>“’</span> <span class='ocrx_word' id='word_1_488' title='bbox 308 4219 411 4316; x_wconf 62' lang='grc' dir='ltr'>ἸΙΙΙίἆίυ</span> <span class='ocrx_word' id='word_1_489' title='bbox 428 4239 563 4322; x_wconf 72' lang='lat' dir='ltr'>ta&#39;ttteos</span> <span class='ocrx_word' id='word_1_490' title='bbox 595 4227 720 4324; x_wconf 63' lang='lat' dir='ltr'>rabuli·</span> <span class='ocrx_word' id='word_1_491' title='bbox 740 4269 888 4340; x_wconf 53' lang='lat' dir='ltr'>Aesopi*</span> <span class='ocrx_word' id='word_1_492' title='bbox 907 4228 1037 4344; x_wconf 57' lang='lat' dir='ltr'>lundam</span> <span class='ocrx_word' id='word_1_493' title='bbox 1056 4272 1180 4330; x_wconf 82' lang='lat' dir='ltr'>notiores</span> <span class='ocrx_word' id='word_1_494' title='bbox 1202 4282 1229 4326; x_wconf 86' lang='lat' dir='ltr'>et</span> <span class='ocrx_word' id='word_1_495' title='bbox 1248 4221 1281 4326; x_wconf 89' lang='lat' dir='ltr'>in</span> <span class='ocrx_word' id='word_1_496' title='bbox 1301 4236 1399 4328; x_wconf 74' lang='lat' dir='ltr'>scholis</span> <span class='ocrx_word' id='word_1_497' title='bbox 1418 4274 1529 4326; x_wconf 75' lang='lat' dir='ltr'>usitatae</span> <span class='ocrx_word' id='word_1_498' title='bbox 1549 4301 1577 4314; x_wconf 88' lang='lat'><em>-</em></span> <span class='ocrx_word' id='word_1_499' title='bbox 1598 4301 1633 4316; x_wconf 89' lang='lat'>--</span> <span class='ocrx_word' id='word_1_500' title='bbox 1656 4289 1671 4323; x_wconf 83' lang='lat' dir='ltr'>a</span> <span class='ocrx_word' id='word_1_501' title='bbox 1692 4271 1788 4326; x_wconf 73' lang='lat' dir='ltr'>uma</span> <span class='ocrx_word' id='word_1_502' title='bbox 1809 4269 1982 4324; x_wconf 73' lang='lat' dir='ltr'>Carnemrio·</span> <span class='ocrx_word' id='word_1_503' title='bbox 2018 4265 2090 4337; x_wconf 67' lang='lat' dir='ltr'>laipt·</span> <span class='ocrx_word' id='word_1_504' title='bbox 2110 4269 2185 4320; x_wconf 74' lang='lat'><strong>155⁰·</strong></span> <span class='ocrx_word' id='word_1_505' title='bbox 2207 4266 2230 4318; x_wconf 76' lang='lat'>⁸·</span> <span class='ocrx_word' id='word_1_506' title='bbox 2249 4289 2275 4302; x_wconf 75' lang='lat'>&#39;⁶</span> 
     </span>
    </p>
   </div>
   <div class='ocr_carea' id='block_1_7' title="bbox 221 4319 2308 4494">
    <p class='ocr_par' dir='ltr' id='par_1_7' title="bbox 221 4319 2308 4494">
     <span class='ocr_line' id='line_1_41' title="bbox 329 4319 2274 4414; baseline 0.003 -32"><span class='ocrx_word' id='word_1_507' title='bbox 329 4349 332 4358; x_wconf 90' lang='lat'><em>·</em></span> <span class='ocrx_word' id='word_1_508' title='bbox 360 4319 1359 4414; x_wconf 18' lang='lat' dir='ltr'>Editaetiamuinep‘piflla.Vl.·p.!21.,sed-differuntepistolaeita</span> <span class='ocrx_word' id='word_1_509' title='bbox 1401 4351 1429 4393; x_wconf 90' lang='lat' dir='ltr'>ut</span> <span class='ocrx_word' id='word_1_510' title='bbox 1448 4353 1589 4410; x_wconf 80' lang='lat' dir='ltr'>utramque</span> <span class='ocrx_word' id='word_1_511' title='bbox 1608 4359 1622 4393; x_wconf 81' lang='lat' dir='ltr'>c</span> <span class='ocrx_word' id='word_1_512' title='bbox 1643 4339 1747 4395; x_wconf 82' lang='lat' dir='ltr'>istolanr</span> <span class='ocrx_word' id='word_1_513' title='bbox 1767 4339 1890 4392; x_wconf 76' lang='lat' dir='ltr'>tiedere</span> <span class='ocrx_word' id='word_1_514' title='bbox 1916 4335 2057 4404; x_wconf 83' lang='lat' dir='ltr'>placuerit.</span> <span class='ocrx_word' id='word_1_515' title='bbox 2099 4333 2274 4404; x_wconf 52' lang='lat' dir='ltr'>antigrapho·</span> 
     </span>
     <span class='ocr_line' id='line_1_42' title="bbox 221 4378 2308 4494; baseline -0.002 -34"><span class='ocrx_word' id='word_1_516' title='bbox 221 4473 226 4488; x_wconf 46' lang='grc' dir='ltr'>Ι</span> <span class='ocrx_word' id='word_1_517' title='bbox 266 4434 299 4454; x_wconf 73' lang='grc' dir='ltr'>-ι</span> <span class='ocrx_word' id='word_1_518' title='bbox 342 4395 561 4473; x_wconf 53' lang='lat' dir='ltr'>Atalantaeas,</span> <span class='ocrx_word' id='word_1_519' title='bbox 584 4397 887 4474; x_wconf 71' lang='lat' dir='ltr'>quoditdltumlslle</span> <span class='ocrx_word' id='word_1_520' title='bbox 906 4407 976 4462; x_wconf 74' lang='lat' dir='ltr'>libro</span> <span class='ocrx_word' id='word_1_521' title='bbox 990 4407 1038 4464; x_wconf 65' lang='lat' dir='ltr'>Vl.</span> <span class='ocrx_word' id='word_1_522' title='bbox 1054 4410 1132 4482; x_wconf 65' lang='lat' dir='ltr'>epist«</span> <span class='ocrx_word' id='word_1_523' title='bbox 1150 4409 1264 4463; x_wconf 84' lang='lat' dir='ltr'>ltabetur</span> <span class='ocrx_word' id='word_1_524' title='bbox 1281 4411 1307 4462; x_wconf 91' lang='lat' dir='ltr'>in</span> <span class='ocrx_word' id='word_1_525' title='bbox 1326 4378 1390 4466; x_wconf 85' lang='lat' dir='ltr'>cod.</span> <span class='ocrx_word' id='word_1_526' title='bbox 1408 4410 1522 4464; x_wconf 81' lang='lat' dir='ltr'>Monac.</span> <span class='ocrx_word' id='word_1_527' title='bbox 1536 4409 1556 4464; x_wconf 89' lang='lat' dir='ltr'>l.</span> <span class='ocrx_word' id='word_1_528' title='bbox 1576 4427 1601 4479; x_wconf 91' lang='lat' dir='ltr'>p.</span> <span class='ocrx_word' id='word_1_529' title='bbox 1633 4407 1690 4470; x_wconf 73' lang='grc'><strong>27..</strong></span> <span class='ocrx_word' id='word_1_530' title='bbox 1707 4407 1782 4480; x_wconf 83' lang='lat' dir='ltr'>quod</span> <span class='ocrx_word' id='word_1_531' title='bbox 1800 4403 1978 4462; x_wconf 81' lang='lat' dir='ltr'>contulimus.</span> <span class='ocrx_word' id='word_1_532' title='bbox 2307 4421 2308 4494; x_wconf 57' lang='lat' dir='ltr'>p</span> 
     </span>
    </p>
   </div>
   <div class='ocr_carea' id='block_1_8' title="bbox 258 4539 2272 4746">
    <p class='ocr_par' dir='ltr' id='par_1_8' title="bbox 258 4511 2308 4746">
     <span class='ocr_line' id='line_1_43' title="bbox 258 4539 2272 4662; baseline 0.012 -43"><span class='ocrx_word' id='word_1_533' title='bbox 258 4539 418 4648; x_wconf 69' lang='lat' dir='ltr'>Clariss.</span> <span class='ocrx_word' id='word_1_534' title='bbox 446 4546 749 4652; x_wconf 75' lang='lat' dir='ltr'>vrrosruditspne</span> <span class='ocrx_word' id='word_1_535' title='bbox 772 4570 808 4662; x_wconf 76' lang='lat' dir='ltr'>et</span> <span class='ocrx_word' id='word_1_536' title='bbox 834 4553 964 4636; x_wconf 69' lang='lat' dir='ltr'>virtute</span> <span class='ocrx_word' id='word_1_537' title='bbox 987 4549 1213 4662; x_wconf 72' lang='lat' dir='ltr'>praestanti,</span> <span class='ocrx_word' id='word_1_538' title='bbox 1241 4550 1294 4636; x_wconf 87' lang='lat' dir='ltr'>D.</span> <span class='ocrx_word' id='word_1_539' title='bbox 1323 4562 1361 4636; x_wconf 85' lang='lat' dir='ltr'><em>B</em></span> <span class='ocrx_word' id='word_1_540' title='bbox 1369 4559 1605 4638; x_wconf 79' lang='lat' dir='ltr'>crudardo</span> <span class='ocrx_word' id='word_1_541' title='bbox 1632 4554 1666 4634; x_wconf 90' lang='lat' dir='ltr'><em>C</em></span> <span class='ocrx_word' id='word_1_542' title='bbox 1671 4563 1743 4658; x_wconf 83' lang='lat' dir='ltr'>igl</span> <span class='ocrx_word' id='word_1_543' title='bbox 1749 4589 1843 4646; x_wconf 79' lang='lat' dir='ltr'>ero,</span> <span class='ocrx_word' id='word_1_544' title='bbox 1871 4559 2031 4632; x_wconf 79' lang='lat' dir='ltr'>Ductori</span> <span class='ocrx_word' id='word_1_545' title='bbox 2055 4555 2272 4653; x_wconf 59' lang='lat' dir='ltr'>Theolvgt&#39;uss’</span> 
     </span>
     <span class='ocr_line' id='line_1_44' title="bbox 273 4689 1563 4746; baseline 0.025 -34"><span class='ocrx_word' id='word_1_546' title='bbox 273 4697 279 4712; x_wconf 90' lang='lat'>.</span> <span class='ocrx_word' id='word_1_547' title='bbox 502 4697 505 4702; x_wconf 89' lang='lat'>-</span> <span class='ocrx_word' id='word_1_548' title='bbox 671 4710 676 4721; x_wconf 94' lang='lat'>.</span> <span class='ocrx_word' id='word_1_549' title='bbox 1104 4689 1224 4746; x_wconf 73' lang='lat' dir='ltr'>amaro</span> <span class='ocrx_word' id='word_1_550' title='bbox 1237 4693 1305 4738; x_wconf 87' lang='lat' dir='ltr'>suo</span> <span class='ocrx_word' id='word_1_551' title='bbox 1323 4692 1450 4741; x_wconf 74' lang='lat' dir='ltr'>corase.</span> <span class='ocrx_word' id='word_1_552' title='bbox 1547 4695 1563 4733; x_wconf 30' lang='grc' dir='ltr'>ι’</span> 
     </span>
    </p>
   </div>
   <div class='ocr_carea' id='block_1_9' title="bbox 221 4785 2269 5560">
    <p class='ocr_par' dir='ltr' id='par_1_9' title="bbox 221 4785 2269 5560">
     <span class='ocr_line' id='line_1_45' title="bbox 310 4785 2085 4881; baseline -0.007 -15"><span class='ocrx_word' id='word_1_553' title='bbox 310 4859 313 4866; x_wconf 89' lang='grc'><strong>.</strong></span> <span class='ocrx_word' id='word_1_554' title='bbox 369 4843 371 4852; x_wconf 52' lang='lat'>1</span> <span class='ocrx_word' id='word_1_555' title='bbox 504 4806 508 4816; x_wconf 89' lang='lat'>&#39;</span> <span class='ocrx_word' id='word_1_556' title='bbox 539 4785 680 4870; x_wconf 51' lang='grc' dir='ltr'>ΜΡΝ</span> <span class='ocrx_word' id='word_1_557' title='bbox 699 4787 880 4872; x_wconf 69' lang='lat' dir='ltr'>fiunem.)</span> <span class='ocrx_word' id='word_1_558' title='bbox 898 4794 938 4874; x_wconf 72' lang='lat'>⁸).</span> <span class='ocrx_word' id='word_1_559' title='bbox 1279 4870 1282 4881; x_wconf 28' lang='grc' dir='ltr'>Ι</span> <span class='ocrx_word' id='word_1_560' title='bbox 1575 4789 1739 4876; x_wconf 73' lang='lat' dir='ltr'>(talitro</span> <span class='ocrx_word' id='word_1_561' title='bbox 1764 4791 1821 4858; x_wconf 69' lang='lat'>71.</span> <span class='ocrx_word' id='word_1_562' title='bbox 1838 4786 2021 4874; x_wconf 58' lang='lat' dir='ltr'>aptatas)</span> <span class='ocrx_word' id='word_1_563' title='bbox 2081 4861 2085 4868; x_wconf 14' lang='lat' dir='ltr'>k</span> 
     </span>
     <span class='ocr_line' id='line_1_46' title="bbox 254 4886 2269 5008; baseline -0.001 -35"><span class='ocrx_word' id='word_1_564' title='bbox 254 4886 378 4975; x_wconf 78' lang='lat' dir='ltr'>Nemo</span> <span class='ocrx_word' id='word_1_565' title='bbox 395 4919 516 4998; x_wconf 77' lang='lat' dir='ltr'>petest</span> <span class='ocrx_word' id='word_1_566' title='bbox 535 4907 922 4998; x_wconf 76' lang='lat' dir='ltr'>multaot&#39;mulfacere,</span> <span class='ocrx_word' id='word_1_567' title='bbox 947 4917 1249 5008; x_wconf 79' lang='lat' dir='ltr'>eademque=recte</span> <span class='ocrx_word' id='word_1_568' title='bbox 1298 4899 1347 4986; x_wconf 76' lang='lat' dir='ltr'>S.</span> <span class='ocrx_word' id='word_1_569' title='bbox 1371 4911 1416 4984; x_wconf 84' lang='lat' dir='ltr'>D.</span> <span class='ocrx_word' id='word_1_570' title='bbox 1466 4906 1580 4981; x_wconf 82' lang='lat' dir='ltr'>Nemo</span> <span class='ocrx_word' id='word_1_571' title='bbox 1603 4911 1841 5004; x_wconf 84' lang='lat' dir='ltr'>potestmulta</span> <span class='ocrx_word' id='word_1_572' title='bbox 1862 4909 2126 4984; x_wconf 85' lang='lat' dir='ltr'>simul⁰facere,</span> <span class='ocrx_word' id='word_1_573' title='bbox 2152 4905 2269 4973; x_wconf 80' lang='lat' dir='ltr'>eadem·</span> 
     </span>
     <span class='ocr_line' id='line_1_47' title="bbox 221 4997 2265 5109; baseline -0.011 -13"><span class='ocrx_word' id='word_1_574' title='bbox 221 5001 225 5010; x_wconf 28' lang='grc' dir='ltr'>Ι</span> <span class='ocrx_word' id='word_1_575' title='bbox 256 5007 367 5077; x_wconf 59' lang='lat' dir='ltr'>imm</span> <span class='ocrx_word' id='word_1_576' title='bbox 380 5003 889 5103; x_wconf 50' lang='lat' dir='ltr'>omniestiss&#39;quuxanapuan,</span> <span class='ocrx_word' id='word_1_577' title='bbox 927 5013 1136 5102; x_wconf 81' lang='lat' dir='ltr'>Scissnitn,</span> <span class='ocrx_word' id='word_1_578' title='bbox 1161 5016 1249 5109; x_wconf 78' lang='lat' dir='ltr'>quta</span> <span class='ocrx_word' id='word_1_579' title='bbox 1298 5033 1368 5106; x_wconf 84' lang='lat' dir='ltr'>que</span> <span class='ocrx_word' id='word_1_580' title='bbox 1400 5012 1504 5084; x_wconf 86' lang='lat' dir='ltr'>cectc&#39;</span> <span class='ocrx_word' id='word_1_581' title='bbox 1527 5015 1643 5083; x_wconf 88' lang='lat' dir='ltr'>omnia</span> <span class='ocrx_word' id='word_1_582' title='bbox 1677 5006 1809 5096; x_wconf 60' lang='lat' dir='ltr'>facere,</span> <span class='ocrx_word' id='word_1_583' title='bbox 1832 5011 1953 5103; x_wconf 75' lang='lat' dir='ltr'>&#39;inqitlt</span> <span class='ocrx_word' id='word_1_584' title='bbox 1979 5002 2190 5100; x_wconf 73' lang='lat' dir='ltr'>Xenophon.</span> <span class='ocrx_word' id='word_1_585' title='bbox 2239 4997 2265 5065; x_wconf 81' lang='lat' dir='ltr'>ld</span> 
     </span>
     <span class='ocr_line' id='line_1_48' title="bbox 256 5089 2267 5211; baseline -0.013 -13"><span class='ocrx_word' id='word_1_586' title='bbox 256 5107 316 5174; x_wconf 50' lang='grc' dir='ltr'><strong>Μ</strong></span> <span class='ocrx_word' id='word_1_587' title='bbox 335 5109 374 5178; x_wconf 69' lang='lat' dir='ltr'>ln</span> <span class='ocrx_word' id='word_1_588' title='bbox 391 5109 520 5181; x_wconf 63' lang='lat' dir='ltr'>”illm</span> <span class='ocrx_word' id='word_1_589' title='bbox 541 5109 635 5194; x_wconf 69' lang='lat' dir='ltr'>libro</span> <span class='ocrx_word' id='word_1_590' title='bbox 657 5109 890 5182; x_wconf 78' lang='lat' dir='ltr'>inaurationis</span> <span class='ocrx_word' id='word_1_591' title='bbox 902 5113 988 5209; x_wconf 87' lang='lat' dir='ltr'>Cyri</span> <span class='ocrx_word' id='word_1_592' title='bbox 1011 5117 1067 5187; x_wconf 91' lang='lat' dir='ltr'>sui</span> <span class='ocrx_word' id='word_1_593' title='bbox 1080 5108 1249 5208; x_wconf 69' lang='lat' dir='ltr'>disputet,</span> <span class='ocrx_word' id='word_1_594' title='bbox 1299 5115 1560 5184; x_wconf 70' lang='lat' dir='ltr'>commiserim</span> <span class='ocrx_word' id='word_1_595' title='bbox 1574 5120 1635 5184; x_wconf 76' lang='lat' dir='ltr'>md</span> <span class='ocrx_word' id='word_1_596' title='bbox 1645 5117 1771 5182; x_wconf 76' lang='lat' dir='ltr'>ducent</span> <span class='ocrx_word' id='word_1_597' title='bbox 1789 5113 1908 5184; x_wconf 58' lang='lat' dir='ltr'>uetes</span> <span class='ocrx_word' id='word_1_598' title='bbox 1937 5105 2040 5201; x_wconf 67' lang='lat' dir='ltr'>Dauni</span> <span class='ocrx_word' id='word_1_599' title='bbox 2056 5089 2164 5211; x_wconf 40' lang='lat' dir='ltr'>m&#39;ultla</span> <span class='ocrx_word' id='word_1_600' title='bbox 2181 5097 2267 5174; x_wconf 76' lang='lat' dir='ltr'>siaul</span> 
     </span>
     <span class='ocr_line' id='line_1_49' title="bbox 255 5193 2267 5322; baseline -0.017 -19"><span class='ocrx_word' id='word_1_601' title='bbox 255 5207 311 5278; x_wconf 52' lang='grc' dir='ltr'>ὼ</span> <span class='ocrx_word' id='word_1_602' title='bbox 330 5210 487 5300; x_wconf 61' lang='grc' dir='ltr'><strong>Μθῦῑθ</strong></span> <span class='ocrx_word' id='word_1_603' title='bbox 501 5207 659 5305; x_wconf 61' lang='lat' dir='ltr'>“ulmis</span> <span class='ocrx_word' id='word_1_604' title='bbox 678 5231 763 5284; x_wconf 64' lang='lat' dir='ltr'>mm</span> <span class='ocrx_word' id='word_1_605' title='bbox 784 5215 929 5318; x_wconf 79' lang='lat' dir='ltr'>quidem</span> <span class='ocrx_word' id='word_1_606' title='bbox 945 5218 1059 5288; x_wconf 81' lang='lat' dir='ltr'>utitur</span> <span class='ocrx_word' id='word_1_607' title='bbox 1079 5217 1249 5310; x_wconf 77' lang='lat' dir='ltr'>exemptis</span> <span class='ocrx_word' id='word_1_608' title='bbox 1298 5217 1432 5301; x_wconf 72' lang='lat' dir='ltr'>scriba,</span> <span class='ocrx_word' id='word_1_609' title='bbox 1457 5207 1767 5322; x_wconf 63' lang='lat' dir='ltr'>trutinandum</span> <span class='ocrx_word' id='word_1_610' title='bbox 1794 5193 1924 5304; x_wconf 71' lang='lat' dir='ltr'>potest,</span> <span class='ocrx_word' id='word_1_611' title='bbox 1948 5207 2148 5297; x_wconf 77' lang='lat' dir='ltr'>ut³stuguta</span> <span class='ocrx_word' id='word_1_612' title='bbox 2170 5203 2267 5314; x_wconf 66' lang='lat' dir='ltr'>atsat-</span> 
     </span>
     <span class='ocr_line' id='line_1_50' title="bbox 253 5317 2068 5386; baseline -0.01 -18"><span class='ocrx_word' id='word_1_613' title='bbox 253 5326 530 5386; x_wconf 42' lang='lat' dir='ltr'>gaman</span> <span class='ocrx_word' id='word_1_614' title='bbox 597 5336 739 5370; x_wconf 69' lang='lat'>¹.··¹</span> <span class='ocrx_word' id='word_1_615' title='bbox 891 5355 916 5374; x_wconf 78' lang='lat'>„</span> <span class='ocrx_word' id='word_1_616' title='bbox 1133 5351 1137 5362; x_wconf 92' lang='lat'>.</span> <span class='ocrx_word' id='word_1_617' title='bbox 1371 5317 1879 5363; x_wconf 62' lang='lat' dir='ltr'>·&#39;=-&#39;t.··=·:tt·.&#39;</span> <span class='ocrx_word' id='word_1_618' title='bbox 1997 5319 2068 5330; x_wconf 77' lang='lat'>&#39;¹</span> 
     </span>
     <span class='ocr_line' id='line_1_51' title="bbox 286 5398 2080 5478; baseline -0.01 -7"><span class='ocrx_word' id='word_1_619' title='bbox 286 5402 315 5468; x_wconf 74' lang='lat' dir='ltr'>*i</span> <span class='ocrx_word' id='word_1_620' title='bbox 332 5398 433 5470; x_wconf 55' lang='grc' dir='ltr'>Μὴ</span> <span class='ocrx_word' id='word_1_621' title='bbox 451 5419 486 5460; x_wconf 68' lang='lat'>⁸²</span> <span class='ocrx_word' id='word_1_622' title='bbox 503 5421 519 5472; x_wconf 82' lang='lat' dir='ltr'>t</span> <span class='ocrx_word' id='word_1_623' title='bbox 537 5421 604 5461; x_wconf 77' lang='lat' dir='ltr'>vaso</span> <span class='ocrx_word' id='word_1_624' title='bbox 620 5405 784 5475; x_wconf 68' lang='lat' dir='ltr'>mecerin,</span> <span class='ocrx_word' id='word_1_625' title='bbox 806 5403 980 5476; x_wconf 69' lang='lat' dir='ltr'>suam.</span> <span class='ocrx_word' id='word_1_626' title='bbox 1001 5405 1192 5471; x_wconf 39' lang='lat' dir='ltr'>,Cannutium</span> <span class='ocrx_word' id='word_1_627' title='bbox 1207 5402 1296 5478; x_wconf 69' lang='lat' dir='ltr'>ipsuis</span> <span class='ocrx_word' id='word_1_628' title='bbox 1317 5403 1667 5478; x_wconf 61' lang='lat' dir='ltr'>epiatnbmllelntlioois</span> <span class='ocrx_word' id='word_1_629' title='bbox 1680 5399 1886 5472; x_wconf 45' lang='lat' dir='ltr'>,aquense</span> <span class='ocrx_word' id='word_1_630' title='bbox 1908 5421 1912 5433; x_wconf 89' lang='lat'><strong>·</strong></span> <span class='ocrx_word' id='word_1_631' title='bbox 1935 5427 1950 5452; x_wconf 83' lang='lat'>·.</span> <span class='ocrx_word' id='word_1_632' title='bbox 2066 5444 2080 5453; x_wconf 91' lang='grc'>.,</span> 
     </span>
     <span class='ocr_line' id='line_1_52' title="bbox 820 5498 2112 5560; baseline -0.012 10"><span class='ocrx_word' id='word_1_633' title='bbox 820 5541 825 5549; x_wconf 93' lang='grc'><strong><em>·</em></strong></span> <span class='ocrx_word' id='word_1_634' title='bbox 1759 5498 2045 5560; x_wconf 33' lang='lat' dir='ltr'>&#39;Vatinia</span> <span class='ocrx_word' id='word_1_635' title='bbox 2105 5519 2112 5528; x_wconf 87' lang='lat'><em>&#39;</em></span> 
     </span>
    </p>
   </div>
   <div class='ocr_carea' id='block_1_10' title="bbox 0 0 2332 5816">
    <p class='ocr_par' dir='ltr' id='par_1_10' title="bbox 0 0 2332 5816">
     <span class='ocr_line' id='line_1_53' title="bbox 0 0 2332 5816; baseline 0 0"><span class='ocrx_word' id='word_1_636' title='bbox 0 0 2332 5816; x_wconf 95' lang='lat' dir='ltr'> </span> 
     </span>
    </p>
   </div>
  </div>
 </body>
</html>
