4670 5808
225 249 301 326 oss
784 183 1216 326 nessronaouu
1262 246 1369 326 ms.
1400 244 1496 328 xrs
1531 245 1684 330 :essa
2194 255 2265 328 s1a

229 436 307 507 tus,
331 433 365 491 et
380 415 465 512 pelli
482 417 675 504 calculum,
698 419 729 488 si
744 417 830 490 loris
845 430 984 490 transm
1006 417 1048 488 in
1059 418 1140 490 loco
1155 419 1223 490 do·
1275 416 1548 504 distribuerent,
1568 430 1762 512 stuperem
1775 421 1921 506 demist,
1943 435 1987 498 nl
2002 417 2266 513 bdtdo'tinoen-

230 523 566 612 loris'itnponautur
584 519 626 590 iis
649 521 739 591 lacte
767 519 912 610 caprino
936 521 1097 594 calefacta
1121 543 1226 610 poma
1274 532 1351 606 tus,
1376 519 1415 588 in
1437 519 1596 592 absentia
1617 521 1755 592 domini
1776 519 2040 616 Praeceptoris,
2072 527 2267 620 quodcum

231 622 425 719 Cynosbati
444 635 606 696 comma.
656 619 752 692 Iusta
771 623 928 712 prolecto
953 635 1004 690 est
1027 621 1224 710 indignatio
1273 611 1390 691 fructu
1405 621 1544 708 audiat,
1567 620 1641 716 qua'
1658 621 1697 692 in
1721 636 1820 714 parte
1843 621 1993 695 facilitas
2018 649 2141 696 eorum
2158 640 2192 696 et
2206 651 2267 696 vo-

230 726 326 816 apud
342 717 665 817 Poetbm„Nsisuos
680 717 758 795 οὐδ’
772 723 916 807 ἴσασιν,
943 717 1033 796 ὅσον
1049 721 1089 798 ἐν
1104 726 1226 815 μᾶλα,
1274 721 1392 792 luntas
1408 713 1453 792 ad
1471 721 1668 793 iuvandum
1689 725 1892 795 communia
1917 724 2033 800 studia
2047 727 2267 820 promptissi-

228 831 280 919 χῇ
295 823 393 923 μέγα
416 821 550 919 ὄνειαρ.
609 821 781 894 Amemus
804 837 951 896 naturae
972 824 1226 900 consideratio·
1274 848 1331 892 ma
1347 823 1451 892 laude
1467 820 1673 914 dignissima
1691 839 1753 898 est.
1783 821 1863 916 'Ego
1881 825 1999 918 igitur,
2021 822 2097 898 Deo
2116 828 2267 912 iuvante,

232 951 325 1018 nem,
346 939 383 997 et
395 923 518 996 Dei-in
533 949 573 995 ea
589 926 823 1017 praesentiam
834 947 1074 1014 agnoscamus,
1095 938 1130 994 et
1146 947 1225 996 eum
1275 923 1456 994 dialectica
1470 939 1653 1016 praecepta
1665 927 1711 998 ab
1726 925 1831 996 initio
1845 929 1992 1030 secundi
2005 914 2090 998 libri
2104 944 2267 1026 repetam,

233 1030 438 1100 invocemus
462 1041 504 1097 ut
528 1027 632 1096 nobis
665 1027 776 1110 adsit,
810 1037 906 1095 cum'
923 1026 1066 1118 quidem
1092 1037 1128 1096 et
1153 1039 1224 1096 taur
1275 1025 1377 1118 eique
1393 1025 1537 1099 lectioni
1554 1027 1709 1100 tribuam
1728 1021 1853 1098 horam
1871 1029 2055 1122 septimam
2074 1031 2132 1117 die
2147 1029 2267 1102 Lunae

233 1129 345 1200 multa
367 1151 495 1218 magna
520 1127 676 1220 pericula
705 1141 739 1198 et
761 1125 984 1200 contusiones
1007 1126 1225 1202 tristissimae
1276 1139 1310 1195 et
1323 1123 1462 1200 Martis.
1515 1126 1572 1200 Ad
1590 1128 1918 1216 interpretationem
1935 1125 2167 1228 κατηχήσεως
2189 1157 2268 1201 eru·

235 1231 342 1300 simol
362 1253 427 1300 nos
443 1231 488 1300 de
502 1227 647 1298 Diaboli
663 1228 845 1300 furoribus
859 1239 895 1298 et
911 1229 956 1296 de
972 1229 1101 1300 nostris
1121 1227 1227 1298 mise·
1276 1224 1369 1296 ditae
1383 1227 1532 1320 scriptae
1548 1251 1567 1298 a
1581 1221 1610 1297 I
1609 1219 1777 1298 oachimo
1789 1219 2018 1324 Gomoario,
2040 1235 2123 1303 'viro
2138 1233 2268 1302 doctis-

233 1333 297 1401 riis
328 1331 653 1402 commonefaciant.
712 1327 808 1400 Audi
833 1331 1067 1420 spectaculum
1092 1352 1227 1412 recens,
1275 1329 1382 1414 simo,
1407 1353 1513 1424 quam
1531 1331 1608 1400 vult
1624 1327 1801 1402 Dominus
1822 1329 2033 1426 Praeceptor
2053 1335 2090 1402 in
2107 1335 2269 1404 manibus

232 1433 370 1524 inquo
390 1428 761 1524 nunildnusvDiaboli
784 1433 885 1502 turor
905 1431 1133 1523 conspicitur.
1184 1427 1225 1498 lu
1276 1427 1488 1503 discentium
1509 1453 1600 1515 esse,
1632 1433 1811 1504 contemno
1840 1425 1966 1504 horam
1999 1428 2181 1526 septimam
2214 1436 2268 1504 die

234 1535 371 1626 oppido
387 1533 505 1624 vicino
523 1520 718 1626 Cygncne,
753 1532 852 1604 cuius
873 1555 1003 1602 nomen
1027 1531 1226 1604 adscribere
1276 1525 1434 1605 Sabbati.
1485 1525 1696 1600 Orationem
1717 1555 1800 1602 vero
1821 1559 1885 1625 pro
1899 1531 1939 1608 P.
1954 1533 2105 1624 Quintio
2126 1559 2268 1628 pergam

233 1635 338 1719 nolo,
364 1655 452 1725 psseo
463 1632 705 1727 quinquennis
719 1656 800 1704 casu
816 1633 952 1724 lapsus,
975 1634 1082 1704 irruit
1097 1633 1135 1702 iu
1150 1633 1225 1706 cul·
1276 1631 1448 1722 explicare
1465 1627 1552 1702 hora
1570 1647 1694 1729 quarta
1715 1648 1795 1724 post
1813 1636 2016 1722 meridiem,
2041 1648 2081 1706 ut
2101 1632 2268 1708 hactenns

234 1749 347 1819 trum,
381 1743 490 1828 quesn
507 1759 616 1804 marcu
636 1734 768 1819 tenuit,
802 1755 914 1827 eoque
935 1736 1082 1806 vulnere
1106 1733 1224 1804 statim
1275 1729 1359 1816 soci,
1392 1746 1565 1826 quantum
1595 1733 1743 1804 omnino
1775 1759 1839 1826 per
1866 1737 2114 1832 occupationes
2138 1737 2270 1822 licebit,

235 1837 406 1910 extinctus
423 1849 487 1910 est.
518 1833 643 1912 ,Pater
659 1856 739 1906 cum
761 1835 1024 1922 intervenisset,
1049 1835 1225 1924 magnitu-
1276 1856 1366 1926 quac
1387 1833 1416 1902 si
1439 1837 1600 1928 quando,
1631 1849 1673 1905 ut
1692 1835 1880 1930 aliquoties
1902 1837 1973 1908 iam
2001 1832 2146 1923 accidit,
2179 1835 2269 1906 milri

235 1939 354 2008 dinem
372 1937 507 2006 doloris
523 1936 648 2006 effudit
671 1937 709 2004 in
733 1961 897 2022 uxorem,
920 1961 1026 2029 quam
1049 1937 1159 2007 iratus
1177 1935 1224 2004 ito
1276 1933 1390 2004 invito
1415 1935 1602 2005 lectionem
1623 1934 1901 2028 pomeridianam
1924 1939 2142 2032 eripuerint,
2174 1939 2267 2033 quod

234 2041 413 2122 verberat,
444 2052 485 2109 ut
505 2039 581 2128 ipsa
600 2062 741 2130 quoque
761 2039 879 2108 statim
904 2052 1063 2120 mortua,
1090 2039 1225 2120 dolore,
1276 2049 1394 2106 tamen
1421 2060 1466 2104 ne
1491 2058 1594 2128 saepe
1624 2037 1762 2108 eveniat
1794 2063 1932 2110 summo
1964 2053 2094 2112 conatu
2128 2042 2270 2124 cavebo,

234 2140 491 2223 utratiocinor‚
517 2139 789 2230 propterfilium
807 2140 934 2230 magis,
958 2163 1064 2232 quam
1081 2150 1225 2230 propter
1276 2139 1560 2225 rogo-auditores
1587 2161 1701 2224 meos,
1735 2162 1781 2206 ne
1802 2165 1857 2209 me
1886 2138 2004 2212 studio
2027 2139 2270 2230 subter-lugere

232 2237 362 2336 plagas.
415 2235 502 2310 athis
519 2240 763 2328 igitnrstotim
779 2241 928 2310 maritus
950 2254 985 2310 et
1007 2241 1133 2334 laqueo
1156 2237 1223 2309 sibi
1275 2237 1417 2326 legendi
1435 2239 1594 2307 laborem
1611 2239 1827 2321 existiment,
1853 2245 1913 2311 sed
1935 2245 2168 2334 persuadeant
2190 2243 2270 2324 sibi,

233 2339 382 2412 m'o‘r'lem
399 2325 618 2414 coa's'c'iscit‘.‘'
635 2339 737 2410 Hanc
753 2335 968 2410 horrendam
983 2337 1223 2410 narrationem
1275 2363 1331 2428 sne
1347 2339 1512 2430 impediri
1525 2340 1699 2409 eiusmodi
1715 2342 1864 2430 negotiis
1879 2345 1986 2415 officii
2000 2344 2158 2436 publici,
2179 2365 2269 2438 quac

234 2443 402 2534 adscripsi
424 2457 463 2511 ut
478 2443 556 2512 aliis
569 2441 711 2526 recites,
731 2457 773 2512 nt
790 2465 856 2511 nos
874 2465 995 2512 omnes
1011 2445 1056 2511 ad
1079 2443 1224 2510 invoca·
1276 2440 1482 2511 dilationem
1501 2441 1635 2512 nullam
1654 2441 1850 2534 patiuntur.

233 2545 367 2615 tionem
382 2543 467 2613 Filii
482 2541 548 2639 Dei
562 2545 810 2628 exuscitemus,
834 2557 874 2614 ut
888 2544 1062 2624 lucentem
1079 2557 1112 2634 et
1127 2565 1224 2632 gras-
1538 2561 1541 2568 ·

234 2660 370 2716 sontem
384 2640 726 2714 Diabolumauobis
745 2636 908 2735 depellat.
967 2641 1124 2716 Salrrtem
1140 2634 1223 2735 opto
1361 2639 1434 2712 Vos
1449 2655 1565 2714 autom
1581 2645 1759 2715 auditores
1773 2639 1976 2729 hortamur,
1995 2660 2034 2716 ut
2049 2639 2117 2715 lios
2129 2653 2271 2714 nostros

232 2745 443 2818 Reverendo
468 2745 513 2816 D.
536 2738 690 2823 Pastori
697 2747 1069 2834 settvobisomnilius.
1127 2743 1224 2816 Bene
1275 2744 1430 2828 labores,
1456 2767 1545 2837 quos
1563 2747 1734 2816 mediocri
1756 2747 1959 2816 assiduitate
1976 2747 2015 2814 in
2037 2747 2271 2838 explicatione

232 2849 321 2922 vale.
371 2845 439 2918 Die
457 2851 517 2922 16.
536 2845 703 2922 Ianuarii.
1275 2846 1417 2916 utilium
1445 2847 1575 2915 artium
1605 2847 1836 2932 sustinemus,
1867 2847 1954 2917 boni
1979 2848 2194 2927 consulatis,
2228 2859 2271 2928 et,

408 2962 412 2971 ·
1102 2967 1108 2981 ·
1174 2963 1179 2976 ·
1275 2947 1304 3014 si
1319 2959 1452 3015 vestrae
1466 2949 1698 3038 expectationi
1712 2973 1784 3016 non
1801 2949 2022 3033 satisfacient,
2041 2949 2270 3026 moveamini,

1274 3061 1310 3117 et
1325 3048 1507 3118 ardentius
1519 3050 1711 3140 precemini
1725 3047 1853 3135 Deum,
1877 3063 1918 3120 ut
1933 3050 1972 3117 in
1985 3045 2053 3118 boc
2067 3048 2269 3140 periculoso

1274 3149 1402 3218 itinere
1431 3151 1605 3219 custodiat
1635 3154 1875 3220 venerandum
1906 3163 2171 3242 praeceptorem
2202 3171 2269 3218 no·

590 3326 593 3335 ,
1053 3293 1222 3320 w„
1273 3265 1404 3331 strum,
1426 3249 1542 3324 llum.
1566 3245 1774 3344 Philippum
1805 3247 2097 3334 Melantlsonem,
2133 3250 2269 3320 eteius

229 3373 233 3382 ·
282 3363 285 3370 '
493 3374 495 3384 ¹
589 3342 591 3350 ’
685 3360 689 3374 ’
887 3397 895 3416 .
1274 3375 1395 3420 vocem
1443 3377 1523 3421 uam
1573 3351 1701 3422 simum
1725 3347 1866 3422 scholae
1884 3353 2058 3437 restituat,
2137 3378 2156 3420 a
2196 3353 2269 3420 uod

308 3448 312 3459 '
406 3521 411 3530 ,
452 3387 636 3530 *Ehem
662 3395 729 3530 ‚ad
755 3395 1001 3484 εἰκάσθω·
1273 3377 1457 3542 privomiir
1483 3377 1661 3522 inteprdum
1692 3453 1826 3523 diutius
1850 3455 2036 3522 credamus
2059 3377 2269 3522 eliinsqfieri

227 3575 258 3584 ··
300 3557 405 3636 sertpn
423 3554 587 3634 pabttlt.
604 3567 704 3638 pass.
723 3596 755 3611 -
793 3564 892 3621 addidi
913 3567 1060 3623 hochert
1079 3568 1220 3640 seriptum,
1271 3567 1417 3644 propter
1443 3553 1735 3642 ingratitudinem
1758 3570 1916 3624 nostram
1941 3568 1975 3623 et
2007 3553 2267 3643 negligentiam,

288 3633 1222 3764 ·stat:notescerenttecue:
1270 3651 2266 3748 suismexee¹¹enometowem11decertum

331 3764 452 3826 sitarcia
467 3789 498 3825 ea
511 3768 581 3826 ,ὀίω
594 3772 675 3844 digua
687 3775 816 3830 contines.
1272 3758 1379 3840 adest,
1403 3753 1473 3839 uis,
1497 3769 1559 3826 aut
1572 3755 1665 3826 certe
1679 3755 1867 3827 oscitanter
1880 3757 2055 3840 auditune,
2078 3757 2135 3826 vel
2149 3757 2266 3836 etiarn,

548 3857 552 3867 “
672 3873 675 3880 “
942 3929 949 3947 ,
998 3929 1005 3948 ,
1271 3859 1367 3950 quod
1392 3855 1679 3946 indignissimum
1703 3871 1772 3936 est,
1799 3881 1937 3926 morum
1960 3856 2100 3928 feritate
2123 3871 2157 3926 et
2181 3881 2265 3926 con-

341 3965 346 3974 '
392 3921 438 3996 ‘P
440 3925 525 3997 ‘¹⁰1
532 3924 1052 4028 os·Eberas·(Ssodsos1s)·.
1271 3971 1405 4048 templu
1431 3958 1637 4048 disciplinae
1661 3959 1814 4047 graviter
1841 3959 2091 4027 escrrseisunus.
2144 3955 2265 4047 Quare

231 4043 336 4146 Quae
364 4055 409 4125 sit
430 4053 595 4126 voluntas
616 4055 857 4152 Praeceptoris
881 4059 993 4131 nostri
1023 4061 1219 4146 reverendi,
1268 4059 1299 4128 si
1314 4057 1480 4128 volumus
1496 4057 1565 4128 cltn
1586 4059 1691 4128 nobis
1715 4059 1791 4128 eius
1805 4051 1926 4129 vocos'u
1948 4059 2067 4144 reddi,
2095 4081 2263 4148 agnosca-

228 4149 402 4254 Philippi
427 4151 705 4244 Itffelnn'tdohis,
737 4163 929 4254 exscripto
958 4161 1100 4253 ipsius,¹
1121 4161 1218 4259 quod
1270 4183 1348 4228 mus
1374 4159 1530 4249 primum
1560 4173 1593 4228 et
1616 4161 1704 4250 grati
1730 4160 1947 4229 celebremus
1974 4153 2262 4229 hoc‘maximum

224 4257 346 4351 Lipsia
361 4259 405 4328 ad
422 4283 487 4330 nos
501 4259 615 4344 misit,
640 4254 853 4350 intelligitis.⁹
896 4259 974 4332 Etsi
988 4277 1103 4334 autem
1117 4265 1218 4333 sessile
1269 4259 1335 4331 Ilei
1352 4261 1583 4345 beneficium,
1604 4263 1702 4354 quod
1714 4261 1812 4330 dedit
1832 4256 2001 4331 hacteuus
2019 4253 2106 4330 buic
2121 4256 2262 4330 scholae

227 4381 396 4457 agnosco,
422 4383 513 4445 ame
532 4385 754 4454 nequaqnam
777 4385 833 4444 ea,
856 4370 945 4454 quase
965 4359 1060 4432 mihl‘
1073 4365 1119 4434 ab
1138 4365 1217 4454 ips'o
1269 4363 1654 4446 eiutsnodidoctoraru,
1677 4361 1739 4454 qni
1753 4366 1835 4430 ‘uon
1846 4355 1962 4431 ruodo
1978 4361 2187 4432 eruditione
2201 4383 2260 4430 sna

226 4459 471 4552 imponuntur,
487 4467 566 4531 cum
581 4457 782 4534 auditorum
798 4465 914 4540 fructu
927 4465 1091 4546 sustineri
1106 4467 1218 4554 posse',
1264 4463 1359 4533 invit
1371 4463 1489 4534 studia
1505 4461 1687 4546 omnium,
1711 4464 1771 4531 sad
1787 4459 1890 4530 etiam
1907 4475 2114 4532 tentanum
2128 4459 2173 4530 'ee
2196 4461 2260 4530 fide

223 4563 445 4656 praesertim,¹
465 4562 617 4632 cusal'ln
650 4559 717 4634 hac
746 4563 1015 4656 occupationum
1049 4567 1217 4638 varietate
1268 4566 1471 4654 complexus
1490 4563 1758 4635 estuniverssm
1782 4557 1940 4634 rebblam
1962 4585 2002 4631 ac
2022 4562 2186 4652 singulos
2208 4561 2260 4630 di-

225 4665 329 4736 etiam
346 4677 502 4754 tempore
517 4665 715 4750 destituar,
731 4665 806 4735 siue
823 4693 893 4760 quo
913 4665 1115 4754 diligentiae
1128 4669 1216 4736 risus
1267 4679 1419 4750 scentes,
1445 4677 1575 4757 quanta
1591 4665 1679 4734 solet
1690 4677 1800 4754 pater·
1813 4659 1944 4732 liberos
1961 4662 2047 4732 snos
2061 4663 2258 4753 complecti,

224 4763 297 4859 ess'e
313 4765 433 4837 nullus
450 4777 578 4857 potest:
602 4781 719 4836 tamen
743 4793 822 4838 cum
842 4761 932 4856 milri
949 4767 1126 4856 integrum
1140 4791 1214 4854 non
1264 4765 1340 4850 vel,
1364 4781 1404 4835 ut
1420 4765 1557 4834 Paulus
1569 4766 1750 4856 loqu-iture
1765 4758 1817 4844 olo
1831 4759 1880 4836 dv
1894 4758 2034 4858 τροφὸς
2048 4757 2194 4834 ’θάλπει
2214 4757 2257 4833 sd

225 4867 392 4953 sit,³·'bisi
418 4867 571 4938 officium
600 4869 763 4938 scelerate
793 4866 1070 4960 praetermittere
1094 4869 1212 4950 relius,
1264 4866 1395 4958 ἑαυτῆς
1416 4863 2097 4956 afrroi···l}o‘nsdesss‘dtrloprotipsins
2119 4863 2258 4935 incolo·

220 4963 304 5038 'dlu's'
319 4954 574 5054 'auctoiita'tem
608 4966 771 5060 d'tfogere
782 4992 801 5055 ‚·
830 4961 935 5064 ¹(luem
952 4968 1211 5062 ‘ut'parentem
1257 4965 1703 5050 .mitate1mesunsrl]'ensn,t
1720 4977 1759 5036 et
1775 4961 2110 5044 mortariorum-us
2123 4969 2255 5035 »mode-

224 5041 698 5158 dsdnes·‘,merild²‘colimus,
731 5071 885 5164 aliquam
914 5071 1212 5160 patltmedr'um,
1263 5069 1399 5138 ratione
1430 5069 1629 5150 flectamus,
1665 5090 1710 5136 ne
1738 5067 2066 5157 ipsum'rsbnrutem
2094 5085 2257 5136 rumorrs

222 5151 675 5264 qul'e’its'stus‘sitm'facere,
700 5169 740 5241 in
755 5195 810 5240 me
827 5172 972 5262 suscepi.
1019 5166 1210 5253 'Ca'eterur'n
1263 5172 1307 5242 de
1328 5169 1522 5262 petulantis
1538 5169 1733 5246 mantum
1753 5167 1863 5260 brugis
1883 5167 2065 5258 mogus
2120 5165 2179 5239 17.
2201 5165 2254 5234 ls-

219 5269 380 5343 hortator
400 5275 453 5341 toi
475 5274 684 5343 doctissimis
700 5272 985 5364 praeceptoribus
1006 5297 1047 5342 ae
1069 5273 1210 5363 collegis
1260 5268 1646 5352 consternendos
1761 5326 1764 5341 .
1817 5305 1827 5345 η
1857 5302 1939 5344 „aa
2006 5296 2031 5324 ’·

220 5370 327 5455 meis,
351 5372 579 5462 utreliquam
602 5387 738 5464 partem
760 5397 947 5465 operarum
968 5373 1150 5467 ipsiinter
1173 5397 1209 5444 se
1256 5393 1368 5452 t
1389 5390 1408 5452 ί,
1431 5413 1498 5450 -aa
1542 5402 1558 5448 ·.
1632 5418 1637 5443 ι
1692 5411 1698 5448 ι
1886 5381 2013 5441 ·ῐι··’.

1710 5491 1764 5548 ’Μ’
1798 5489 1864 5546 ,lrtt'
1914 5517 1943 5544 *s
1971 5499 1996 5542 ’,ἶ
2059 5531 2064 5540 .

227 3123 477 3280 ,Νοκὸιῦβὶμι
598 3285 600 3292 y
913 3258 917 3271 .
1074 3209 1131 3272 17.
1144 3199 1210 3271 lan.

232 3292 443 3332 nom
