4658 5818
245 247 327 352 'aas

280 443 386 519 1617.
413 439 498 510 cm
511 445 546 506 in
561 445 648 506 coelo
663 443 727 507 risa
740 439 868 508 Romae.
936 435 1015 504 lta.
1029 435 1111 506 Nor.

410 539 502 612 raet
516 549 551 610 in
565 567 638 611 sm
652 549 771 610 mutati.

282 647 385 721 1618.
412 643 916 732 ProdigiuminooeloinLusstis.
943 650 1000 712 11.
1017 639 1190 708 cellanli.

218 759 219 762 ’
412 749 514 816 Aliud
520 755 553 814 in
560 749 731 834 Thuringis
738 748 923 812 Holtzlrusii.
941 767 987 828 pr.
1002 743 1065 812 cet.
1078 741 1148 810 Iun.

412 852 513 918 Aliud
527 851 666 916 Prettini.
945 854 1000 920 12.
1016 845 1082 914 Cal.
1098 845 1180 910 lulii.

414 953 514 1020 Aliud
529 951 617 1018 lenae
634 961 667 1017 in
681 951 839 1035 Turingia.
944 954 978 1016 7.
995 949 1061 1018 Gal.
1079 946 1165 1030 Arrg.

415 1057 513 1122 Aliud
531 1055 712 1140 Numburgi.
945 1052 980 1120 6·
994 1049 1059 1118 Cal.
1073 1049 1157 1132 Aug.

419 1159 550 1242 Sanguis
562 1182 601 1222 ex
614 1163 704 1244 spicis
720 1161 753 1220 in
769 1151 898 1218 silenat

290 1261 396 1344 1519.
418 1260 503 1326 Pluit
523 1259 671 1324 frumenta
692 1261 787 1323 tribus
801 1261 887 1336 locIs,

467 1361 588 1446 Stiriae,
606 1363 783 1444 Turingiae,
801 1357 887 1422 Bos-

467 1469 554 1528 miae.

421 1565 553 1650 Campus
565 1567 668 1629 ardens
681 1570 714 1628 in
720 1561 896 1629 Votlendia.
947 1557 1053 1623 Octbr.

420 1667 496 1732 Tres
510 1673 588 1734 soles
603 1673 661 1734 risi
676 1673 708 1728 in
723 1663 844 1730 Suesia.
946 1684 992 1744 pr.
1001 1653 1252 1724 NomNorembr.

422 1767 559 1838 chame.
949 1769 983 1828 7.
999 1759 1045 1827 Ιιι.
1061 1758 1159 1822 Norb.

422 1869 611 1936 Monstrosus
625 1883 737 1954 partus.
948 1861 1057 1926 Deobr.

293 1977 394 2048 1560.
422 1973 491 2040 Pirs
507 1979 611 2036 florem
627 1975 803 2034 emittentia.

425 2075 603 2159 Prodigium
617 2074 803 2137 Trebiseuse.
946 2091 993 2150 pr.
1011 2061 1058 2128 Id.
1076 2061 1167 2128 lunii.

422 2159 611 2241 Moustiosus
626 2187 728 2260 partus
743 2175 910 2254 Fribergae.
949 2173 983 2239 4.
998 2163 1046 2232 ld.
1064 2161 1145 2229 Iulii.

422 2277 538 2342 Mirum
555 2281 592 2342 de
607 2291 701 2342 stante
715 2277 911 2350 adolescente,
949 2271 1024 2334 ibid.

422 2379 610 2444 Monstrosus
619 2395 766 2464 partusau
773 2373 943 2439 Motschen.

265 2507 361 2582 Haec
375 2512 512 2582 dabunt
526 2510 596 2582 tibi
606 2507 825 2580 occasionem
840 2499 1075 2592 investigandi
1089 2497 1173 2568 alim
1193 2497 1256 2566 ist·

265 2607 324 2682 hic
347 2613 443 2684 enim
464 2613 569 2706 plura
591 2624 625 2680 et
640 2609 787 2680 certiora
810 2605 893 2675 licet
913 2623 1137 2692 cognoscere:
1176 2621 1256 2668 cum

266 2711 333 2782 erit
343 2727 457 2784 certus
472 2714 623 2784 nuncius
637 2733 755 2780 rerum
772 2707 917 2776 istarum
933 2707 1066 2773 nudam
1082 2698 1256 2770 narratio-

266 2835 347 2884 nem
365 2811 524 2908 accipies.
577 2813 675 2885 Vale.
700 2835 753 2904 pr.
769 2809 817 2880 id.
835 2805 910 2880 lan.
926 2803 979 2881 M.
991 2801 1086 2876 DLl.

823 2921 998 3014 Georgius
1013 2917 1206 2990 Fabricius.

368 3074 552 3173 Georgius
572 3073 759 3173 Agricola,
784 3075 917 3146 amicus
932 3085 1063 3153 noster,
1086 3069 1259 3140 excellens

364 3177 621 3273 philosophus,
664 3177 822 3248 nascitur
854 3175 894 3243 in
930 3173 1063 3267 oppido
1098 3169 1259 3240 Misenae

370 3277 532 3353 Glaucha
560 3278 688 3360 rtet..
714 3301 810 3348 nono
834 3277 970 3348 calend.
989 3271 1124 3366 Aprilis
1144 3293 1259 3351 mane,

369 3383 489 3452 medio
528 3381 622 3454 inter
659 3377 784 3450 horam
826 3389 987 3472 quartam
1028 3373 1258 3468 etquintam

371 3485 497 3576 spatio.

271 3919 338 3990 No.
354 3917 466 3995 4841.
582 3895 585 3902 ⁴

271 4017 479 4054 m

528 4115 721 4200 Gustaoo
736 4113 864 4226 Regi
876 4112 1006 4201 Sacc.

1129 3927 1183 3988 18.
1201 3917 1262 3980 Ιιιι.

1121 4009 1259 4038 Μ’

346 4283 424 4342 Edita
448 4283 499 4367 ius⁸
520 4285 727 4358 „Monumenta
749 4284 1071 4366 politico-ecclesiastiea
1095 4305 1124 4368 ps
1145 4285 1265 4344 Archiae

379 4353 623 4436 ΡιΙιιιιΙιιιιΙιιὶιιιοΙ
645 4369 721 4405 nuno
743 4368 864 4420 primum
891 4371 918 4434 tp
943 4355 1030 4408 lucem
1058 4354 1148 4424 edita,
1177 4353 1265 4478 (Risp.

381 4423 466 4480 Cont.
480 4421 511 4490 l.)
534 4421 660 4476 Praeude
680 4417 767 4474 Olavo
781 4417 817 4472 0.
833 4417 939 4482 Celata,
973 4421 1109 4501 Respoud.
1124 4424 1162 4503 lo.
1179 4426 1227 4477 lm
1249 4451 1265 4464 -

380 4488 810 4629 llllldlclldeurlisllglde'l'blddrl·
833 4516 862 4528 ·-
906 4488 1047 4562 Descripta
1066 4493 1145 4544 notu
1160 4493 1217 4548 sS.
1232 4493 1264 4546 V.

280 4728 546 4810 Serenianus,
615 4729 874 4812 invictissimo,
944 4727 1268 4832 illustrissimoque

280 4829 453 4930 Principi
469 4831 513 4900 ai
534 4825 719 4916 Domino,
752 4829 866 4908 Dom.
892 4825 1124 4920 Gustaro,
1154 4831 1268 4906 Sue-

281 4959 449 5020 corum,
470 4925 727 5005 Gothorum
743 4943 780 5002 et
802 4929 1267 5032 VondolorumRegr

369 5033 508 5132 inclyto
525 5043 584 5104 etc.
611 5029 780 5104 Domino
793 5058 860 5104 suo
877 5033 1172 5125 clementissimo,

280 5170 329 5255 S.
355 5181 399 5252 D.
458 5182 593 5276 inclyte
622 5194 658 5252 et
684 5179 930 5254 Potentissime
953 5183 1033 5258 Rex
1059 5201 1094 5258 et
1112 5185 1267 5259 Domine

819 257 1256 338 astaronasust
1310 255 1418 334 ms.
1460 253 1562 334 xlt.
1613 251 1748 334 test.

2213 251 2279 326 iii

1293 429 1429 502 Ductor
1445 417 1672 497 Pomeranus
1693 441 1728 499 et
1751 449 1834 518 ego,
1867 428 1962 522 qood
1984 449 2048 519 per
2069 425 2204 517 legatos
2221 422 2282 496 luc

1296 533 1364 602 iter
1384 531 1552 602 iacientes
1567 527 1680 618 Regia
1697 527 1865 600 Maiestas
1882 527 2007 600 Vestra
2030 527 2160 622 exponi
2184 529 2282 598 nobis

1297 633 1398 703 iussit
1413 655 1512 703 suam
1528 653 1607 720 erga
1624 651 1690 700 nos
1706 631 1940 715 clementiam,
1964 644 1999 702 et
2013 653 2157 700 oramus
2171 627 2283 700 Deum

1298 733 1518 804 conditorem
1541 731 1680 824 generis
1702 725 1866 817 humani,
1901 734 2081 804 custodem
2109 747 2144 803 et
2164 729 2284 802 Eccle-

1298 837 1369 906 siae
1391 858 1473 904 suae
1496 847 1531 904 et
1545 829 1751 924 Regnorum
1772 858 1862 927 quae
1876 847 1961 904 sum
1974 831 2153 907 Ecclesiae
2167 828 2285 924 hospi-

1299 939 1367 1022 tia,
1390 949 1432 1006 ut
1447 949 1483 1006 et
1495 933 1645 1023 Regiam
1661 933 1713 1006 M.
1733 934 1775 1008 V.
1791 937 1854 1005 diu
1869 949 1983 1006 servet
1997 936 2229 1020 incolumem,
2253 951 2284 1004 et

1301 1037 1498 1131 posteritati
1518 1033 1650 1126 Regiae
1674 1035 1871 1106 Maiestatis
1901 1049 2036 1106 vestrae
2062 1037 2223 1106 foelicem
2253 1051 2285 1104 et

1300 1139 1488 1210 salutarem
1513 1137 1805 1226 gubernationem
1828 1139 1973 1210 tribuat.
2035 1135 2230 1208 Ecclesiam
2254 1151 2286 1207 et

1300 1239 1498 1312 doctrinam
1521 1237 1703 1310 literarum
1727 1253 1763 1312 et
1782 1239 1913 1310 'artium
1934 1239 2023 1312 alibi
2044 1237 2175 1327 Tucci,
2206 1237 2285 1310 alibi

1300 1339 1487 1414 Pontifices
1502 1339 1620 1410 delere
1633 1357 1819 1416 conantur.

1403 1539 1447 1612 ln
1468 1537 1534 1616 hac
1554 1558 1652 1616 tanta
1672 1542 1869 1614 calamitate
1890 1541 2022 1614 levatio
2038 1544 2211 1636 quaedam
2229 1555 2288 1626 est,

1302 1643 1397 1735 quod
1422 1643 1534 1736 Regia
1557 1643 1725 1717 Maiestas
1748 1644 1791 1718 V.
1816 1657 1850 1714 et
1874 1639 1953 1715 Rex
1980 1641 2139 1714 Danicns
2166 1644 2287 1714 eximia

1303 1744 1429 1836 pietate
1452 1760 1575 1836 tegunt
1597 1761 1632 1818 et
1654 1747 1775 1816 sovent
1789 1743 1979 1830 Ecclesias‚
2009 1759 2048 1814 ut
2065 1747 2152 1816 olim
2168 1743 2289 1839 Cyrus.

1303 1843 1578 1930 Constantinus,
1599 1843 1834 1919 Theodosius.
1867 1845 1972 1918 Tales
1987 1843 2102 1936 Reges
2116 1861 2151 1916 ct
2166 1847 2204 1914 in
2221 1859 2288 1914 ter·

1303 1947 1353 2016 ris
1377 1971 1458 2018 vere
1481 1966 1564 2020 sunt
1587 1949 1758 2038 imagines
1775 1945 1865 2034 Dei,
1890 1961 1924 2019 et
1947 1947 1986 2018 in
2001 1948 2121 2018 celesti
2134 1945 2288 2018 Ecclesia

1304 2065 1471 2142 perpetua
1492 2051 1727 2142 gratulatione
1744 2051 2029 2124 celebrabuntur.
2078 2045 2150 2118 Hic
2168 2051 2289 2120 triurn-

1306 2145 1395 2240 phus
1419 2153 1640 2244 splendidior
1662 2153 1730 2222 erit
1748 2153 1917 2222 omnibus
1940 2145 2132 2242 triumphis
2154 2149 2239 2220 Iulii
2260 2163 2290 2217 et

1304 2247 1465 2344 Pompeii
1488 2267 1524 2324 et
1548 2253 1735 2324 similibus.
1786 2251 1876 2324 Cum
1898 2253 2007 2346 igitur
2022 2253 2147 2322 scirem
2163 2250 2291 2342 Regiae

1304 2349 1501 2424 Maiestatis
1516 2352 1662 2426 Vestrae
1688 2355 1910 2426 clementiam
1936 2377 2017 2444 erga
2036 2347 2199 2424 homines
2219 2377 2290 2422 mo·

1305 2455 1421 2525 destos
1439 2469 1472 2524 et
1487 2457 1645 2526 eruditos
1668 2457 1831 2528 eximiam
1854 2481 1945 2540 esse,
1976 2455 2058 2524 dedi
2081 2451 2166 2525 huic
2182 2453 2293 2524 Erico

1305 2550 1504 2656 Herclsiepe
1543 2553 1792 2630 Finlandiensi
1829 2559 2092 2642 testimonium,
2139 2572 2181 2630 ιιι
2222 2557 2293 2626 eius

1306 2659 1421 2728 studia
1452 2655 1586 2748 Regiae
1617 2657 1796 2730 Maiestati
1823 2659 1968 2730 Vestrae
2000 2665 2292 2730 commendarem.

1307 2759 1377 2828 Vir
1397 2755 1567 2830 honestus
1587 2775 1639 2831 est
1659 2776 1693 2831 et
1715 2761 1849 2852 gravis,
1877 2775 1911 2832 et
1933 2785 2012 2830 cum
2031 2759 2221 2833 Rostochii
2245 2763 2294 2828 ri-

1308 2885 1386 2931 rum
1410 2861 1652 2932 doctissimum
1675 2855 1883 2932 Arnoldum
1906 2856 2112 2932 Burenium
2139 2861 2293 2934 audivis-

1307 2975 1359 3032 set
1388 2961 1554 3047 biennio,
1586 2961 1710 3034 Postea
1735 2966 1773 3034 in
1803 2957 1868 3034 hac
1890 2961 2080 3034 Academia
2103 2965 2292 3036 triennium

1308 3078 1563 3148 commoratus,
1594 3066 1637 3134 ad
1661 3067 1777 3136 studia
1799 3065 1930 3134 latinae
1947 3079 1981 3136 et
1996 3087 2140 3154 graecae
2158 3068 2294 3158 linguae

1309 3165 1414 3237 etiam
1430 3161 1603 3234 Ebraeam
1625 3167 1807 3251 adiunxit,
1830 3181 1871 3238 ut
1893 3169 2022 3238 rectius
2044 3191 2210 3240 enarrare
2229 3194 2295 3240 ser·

1309 3290 1451 3336 monem
1466 3258 1711 3358 propheticum
1729 3269 1847 3359 possit.
1897 3265 1945 3340 Et
1957 3271 2159 3340 doctrinam
2176 3269 2294 3340 Eccle-

1310 3367 1382 3438 siae
1408 3364 1476 3437 Dei
1511 3384 1602 3439 recte
1635 3369 1761 3442 didicit
1792 3385 1828 3440 et
1861 3395 2034 3441 consensu
2064 3371 2293 3462 amplectitur,

1311 3494 1416 3564 quarn
1438 3483 1471 3540 et
1487 3465 1657 3540 Suedicae
1679 3484 1712 3540 et
1732 3485 1872 3542 nostrae
1890 3469 2067 3542 Ecclesiae
2083 3497 2159 3542 ono
2174 3476 2294 3566 spiritu

1312 3583 1346 3640 et
1366 3595 1438 3640 una
1458 3595 1544 3639 voce
1565 3595 1645 3640 cum
1667 3568 1836 3643 catholica
1860 3570 2015 3644 Ecclesia
2037 3569 2172 3645 Christi
2195 3578 2295 3667 prob-

1312 3685 1442 3746 tcntur.
1493 3667 1654 3767 Cumque
1670 3673 1755 3746 sciat
1770 3677 1814 3744 ad
1831 3675 2070 3748 dexteritatem
2085 3676 2123 3744 in
2140 3678 2295 3747 docendo

1313 3773 1479 3866 prodesse
1499 3767 1742 3866 philosophiae
1764 3775 2022 3867 cognitionem,
2050 3775 2155 3847 etiam
2175 3775 2294 3850 barma

1314 3875 1443 3946 artium
1459 3875 1620 3944 doctrina
1636 3899 1672 3946 se
1687 3877 1853 3948 instruxit
1869 3901 1955 3970 quas
1970 3871 2201 3969 Philosophia
2220 3905 2298 3950 eon-

1315 3976 1413 4048 tinet.
1467 3973 1538 4044 Nec
1559 4001 1642 4046 vero
1664 3979 1809 4060 dubito,
1841 3979 1930 4072 quin
1946 3976 2058 4070 Regia
2076 3979 2246 4052 Maiestas
2260 3978 2296 4046 V.
2324 4019 2325 4046 t

1317 4077 1466 4146 maxime
1486 4077 1572 4148 velit
1593 4092 1633 4148 ut
1648 4081 1776 4170 passim
1791 4077 1958 4150 Ecclesiis
1974 4081 2223 4171 praeficiantur
2237 4082 2294 4148 riri
2324 4081 2325 4092 ’

1317 4175 1475 4256 honesti,
1510 4179 1639 4249 eruditi
1662 4194 1696 4249 et
1719 4181 1903 4254 moderati.
1962 4179 2085 4250 'Palem
2111 4205 2185 4253 esse
2209 4178 2294 4252 huuc
2324 4229 2325 4262 ,

1319 4276 1472 4348 Ericum
1487 4276 1598 4370 Regia
1614 4279 1780 4352 Maiestas
1797 4277 1840 4352 V.
1855 4295 2049 4371 cognoscet.
2088 4278 2153 4353 Est
2170 4297 2205 4353 et
2220 4281 2295 4354 baec

1318 4383 1393 4452 eius
1415 4382 1528 4450 virtus
1552 4383 1745 4462 laudanda,
1777 4383 1873 4476 quod
1899 4382 2051 4452 reditum
2069 4383 2137 4452 sibi
2154 4386 2197 4452 ad
2213 4383 2293 4455 Aca·
2324 4383 2325 4446 Ῐ

1318 4483 1450 4554 demias
1480 4483 1623 4552 concedi
1644 4495 1738 4568 orat,
1776 4497 1816 4553 ιιι
1835 4485 1880 4552 de
1909 4481 2032 4553 multis
2060 4485 2293 4555 doctrinarum
2324 4517 2325 4590 p

1320 4585 1476 4677 partibus
1501 4583 1736 4654 eruditionem
1762 4597 1886 4672 augeat
1912 4597 1947 4654 et
1974 4583 2145 4654 iudicium
2176 4587 2294 4656 confir·
2324 4607 2325 4638 ι

1319 4698 1402 4758 met.
1468 4681 1590 4778 ltaque
1610 4681 1757 4774 Regiam
1782 4683 1835 4762 M.
1860 4681 1903 4760 V.
1925 4699 2126 4756 reverenter
2151 4710 2236 4772 oro,
2261 4699 2295 4754 ut

1318 4785 1433 4856 studia
1461 4785 1537 4854 eius
1561 4785 1695 4854 diutius
1719 4786 1872 4859 adiuvet.
1936 4779 2139 4878 Xenophon
2172 4787 2293 4882 inquit:
2324 4819 2325 4828 ι

1318 4881 1418 4956 Nihil
1441 4883 1560 4954 differt
1573 4883 1651 4956 Rex
1675 4889 1790 4958 honus
1808 4909 1828 4956 a
1844 4899 1943 4980 patre
1960 4885 2067 4978 bono.
2115 4885 2195 4958 Hac
2215 4889 2294 4958 fidu-

1319 4985 1373 5060 cia
1386 4981 1524 5059 Ericus
1545 4987 1588 5056 ad
1611 4981 1762 5077 Regiam
1781 4985 1833 5058 M.
1852 4985 1895 5061 V.
1917 4983 2018 5058 cuius
2038 4988 2103 5056 scit
2120 5001 2294 5080 paternam
2324 5017 2325 5034 ι

1318 5112 1392 5160 esse
1414 5088 1630 5157 volusuatem
1649 5111 1729 5178 erga
1748 5088 1924 5171 subditos,
1948 5097 2085 5158 summa
2098 5089 2295 5170 reverentia,
2324 5111 2325 5126 ι

1317 5184 1386 5260 hoc
1406 5187 1647 5262 testimonium
1669 5203 1704 5260 et
1720 5183 1812 5258 hanc
1828 5189 2033 5279 petitionem
2049 5187 2175 5264 adfert.
2224 5185 2294 5260 Oro

279 5283 558 5354 clementissime.
610 5281 752 5354 Gratias
767 5283 902 5374 agimus
918 5307 1055 5358 summa
1070 5289 1266 5359 reverentia
1316 5303 1434 5362 autem
1453 5290 1567 5360 tilium
1590 5285 1657 5359 Dei
1671 5287 1868 5360 Dominum
1891 5300 2052 5360 nostrum
2066 5285 2182 5362 lesum
2198 5287 2295 5362 Chri·

277 5381 410 5468 Regiae
433 5381 610 5453 Maiestati
634 5397 792 5470 vestrae.
817 5383 943 5458 Pastor
963 5381 1071 5460 huius
1089 5386 1265 5461 Ecclesiae
1315 5403 1430 5480 stum,
1454 5407 1495 5466 ut
1509 5387 1658 5482 Regiam
1673 5389 1727 5465 M.
1740 5385 1789 5469 V,
1798 5405 1912 5466 servet
1926 5391 2140 5462 incolumem
2148 5441 2159 5475 ,
2186 5387 2293 5463 etEt-
