<?xml version="1.0" encoding="UTF-8"?>
<!DOCTYPE html PUBLIC "-//W3C//DTD XHTML 1.0 Transitional//EN"
    "http://www.w3.org/TR/xhtml1/DTD/xhtml1-transitional.dtd">
<html xmlns="http://www.w3.org/1999/xhtml" xml:lang="en" lang="en">
 <head>
  <title>
</title>
<meta http-equiv="Content-Type" content="text/html;charset=utf-8" />
  <meta name='ocr-system' content='tesseract 3.04.00' />
  <meta name='ocr-capabilities' content='ocr_page ocr_carea ocr_par ocr_line ocrx_word'/>
</head>
<body>
  <div class='ocr_page' id='page_1' title='image "./corpusreformato20melagoog/corpusreformato20melagoog_0400.png"; bbox 0 0 4658 5818; ppageno 0'>
   <div class='ocr_carea' id='block_1_1' title="bbox 52 245 327 340">
    <p class='ocr_par' dir='ltr' id='par_1_1' title="bbox 52 245 327 340">
     <span class='ocr_line' id='line_1_1' title="bbox 52 245 327 340; baseline 0.022 -2"><span class='ocrx_word' id='word_1_1' title='bbox 52 265 201 340; x_wconf 78' lang='lat' dir='ltr'><strong>res.</strong></span> <span class='ocrx_word' id='word_1_2' title='bbox 323 245 327 254; x_wconf 85' lang='lat'>&#39;</span> 
     </span>
    </p>
   </div>
   <div class='ocr_carea' id='block_1_2' title="bbox 46 1049 902 1237">
    <p class='ocr_par' dir='ltr' id='par_1_2' title="bbox 46 1049 902 1237">
     <span class='ocr_line' id='line_1_2' title="bbox 46 1049 902 1137; baseline 0.028 -27"><span class='ocrx_word' id='word_1_3' title='bbox 46 1065 115 1111; x_wconf 87' lang='lat' dir='ltr'><strong>eum</strong></span> <span class='ocrx_word' id='word_1_4' title='bbox 136 1057 247 1114; x_wconf 84' lang='lat' dir='ltr'><strong>servet</strong></span> <span class='ocrx_word' id='word_1_5' title='bbox 273 1059 307 1116; x_wconf 91' lang='lat' dir='ltr'><strong>et</strong></span> <span class='ocrx_word' id='word_1_6' title='bbox 327 1060 435 1137; x_wconf 86' lang='lat' dir='ltr'><strong>regat.</strong></span> <span class='ocrx_word' id='word_1_7' title='bbox 486 1049 584 1120; x_wconf 89' lang='lat' dir='ltr'><strong>Bene</strong></span> <span class='ocrx_word' id='word_1_8' title='bbox 600 1067 634 1124; x_wconf 90' lang='lat' dir='ltr'><strong>et</strong></span> <span class='ocrx_word' id='word_1_9' title='bbox 649 1053 799 1128; x_wconf 76' lang='lat' dir='ltr'>feliciter</span> <span class='ocrx_word' id='word_1_10' title='bbox 813 1059 902 1134; x_wconf 88' lang='lat' dir='ltr'><strong>vale.</strong></span> 
     </span>
     <span class='ocr_line' id='line_1_3' title="bbox 46 1141 653 1237; baseline 0.028 -25"><span class='ocrx_word' id='word_1_11' title='bbox 46 1141 257 1237; x_wconf 70' lang='lat' dir='ltr'><strong>aequinoctii</strong></span> <span class='ocrx_word' id='word_1_12' title='bbox 270 1148 391 1230; x_wconf 88' lang='lat' dir='ltr'><strong>verni,</strong></span> <span class='ocrx_word' id='word_1_13' title='bbox 416 1146 525 1222; x_wconf 81' lang='lat' dir='ltr'><strong>Anno</strong></span> <span class='ocrx_word' id='word_1_14' title='bbox 543 1151 653 1230; x_wconf 90' lang='grc'><strong>1551.</strong></span> 
     </span>
    </p>
   </div>
   <div class='ocr_carea' id='block_1_3' title="bbox 51 1395 1013 1434">
    <p class='ocr_par' dir='ltr' id='par_1_3' title="bbox 51 1395 1013 1434">
     <span class='ocr_line' id='line_1_4' title="bbox 51 1395 1013 1434; baseline 0.025 -23"><span class='ocrx_word' id='word_1_15' title='bbox 51 1395 1013 1434; x_wconf 72' lang='lat'><strong>---------.....................,</strong></span> 
     </span>
    </p>
   </div>
   <div class='ocr_carea' id='block_1_4' title="bbox 48 1563 246 1707">
    <p class='ocr_par' dir='ltr' id='par_1_4' title="bbox 48 1563 246 1707">
     <span class='ocr_line' id='line_1_5' title="bbox 57 1563 242 1644; baseline 0.065 -12"><span class='ocrx_word' id='word_1_16' title='bbox 57 1563 112 1637; x_wconf 85' lang='lat' dir='ltr'><strong>No.</strong></span> <span class='ocrx_word' id='word_1_17' title='bbox 130 1563 242 1644; x_wconf 78' lang='lat'><strong>4864.</strong></span> 
     </span>
     <span class='ocr_line' id='line_1_6' title="bbox 48 1659 246 1707; baseline 0.02 -6"><span class='ocrx_word' id='word_1_18' title='bbox 48 1659 246 1707; x_wconf 52' lang='grc' dir='ltr'><strong>μω</strong></span> 
     </span>
    </p>
   </div>
   <div class='ocr_carea' id='block_1_5' title="bbox 248 1769 794 1886">
    <p class='ocr_par' dir='ltr' id='par_1_5' title="bbox 248 1769 794 1886">
     <span class='ocr_line' id='line_1_7' title="bbox 248 1769 794 1886; baseline 0.018 -30"><span class='ocrx_word' id='word_1_19' title='bbox 248 1769 376 1857; x_wconf 82' lang='lat' dir='ltr'><strong>liter.</strong></span> <span class='ocrx_word' id='word_1_20' title='bbox 406 1771 794 1886; x_wconf 82' lang='lat' dir='ltr'><strong>Baamgortnero.</strong></span> 
     </span>
    </p>
   </div>
   <div class='ocr_carea' id='block_1_6' title="bbox 99 1938 1018 2026">
    <p class='ocr_par' dir='ltr' id='par_1_6' title="bbox 99 1938 1018 2026">
     <span class='ocr_line' id='line_1_8' title="bbox 99 1938 1018 2026; baseline 0.026 -34"><span class='ocrx_word' id='word_1_21' title='bbox 99 1938 176 2010; x_wconf 80' lang='lat' dir='ltr'><strong>Epist.</strong></span> <span class='ocrx_word' id='word_1_22' title='bbox 195 1939 242 2000; x_wconf 84' lang='lat' dir='ltr'><strong>lib.</strong></span> <span class='ocrx_word' id='word_1_23' title='bbox 258 1942 305 1999; x_wconf 92' lang='lat' dir='ltr'><strong>Vl.</strong></span> <span class='ocrx_word' id='word_1_24' title='bbox 324 1962 350 2016; x_wconf 83' lang='lat' dir='ltr'><strong>p.</strong></span> <span class='ocrx_word' id='word_1_25' title='bbox 367 1945 417 2000; x_wconf 78' lang='grc'><strong>171</strong></span> <span class='ocrx_word' id='word_1_26' title='bbox 429 1963 470 2018; x_wconf 82' lang='lat' dir='ltr'><strong>eq.</strong></span> <span class='ocrx_word' id='word_1_27' title='bbox 499 1946 551 2003; x_wconf 82' lang='lat' dir='ltr'><strong>llic</strong></span> <span class='ocrx_word' id='word_1_28' title='bbox 563 1967 592 2004; x_wconf 85' lang='lat' dir='ltr'><strong>er</strong></span> <span class='ocrx_word' id='word_1_29' title='bbox 604 1953 772 2026; x_wconf 78' lang='lat' dir='ltr'><strong>autographo</strong></span> <span class='ocrx_word' id='word_1_30' title='bbox 785 1953 814 2010; x_wconf 88' lang='lat' dir='ltr'><strong>in</strong></span> <span class='ocrx_word' id='word_1_31' title='bbox 827 1957 889 2014; x_wconf 82' lang='lat' dir='ltr'><strong>sod.</strong></span> <span class='ocrx_word' id='word_1_32' title='bbox 902 1957 982 2016; x_wconf 88' lang='lat' dir='ltr'><strong>Mon.</strong></span> <span class='ocrx_word' id='word_1_33' title='bbox 994 1959 1018 2016; x_wconf 90' lang='lat' dir='ltr'><strong>l.</strong></span> 
     </span>
    </p>
   </div>
   <div class='ocr_carea' id='block_1_7' title="bbox 131 2009 226 2078">
    <p class='ocr_par' dir='ltr' id='par_1_7' title="bbox 131 2009 226 2078">
     <span class='ocr_line' id='line_1_9' title="bbox 131 2009 226 2078; baseline 0.063 -20"><span class='ocrx_word' id='word_1_34' title='bbox 131 2027 156 2078; x_wconf 86' lang='lat' dir='ltr'><strong>p.</strong></span> <span class='ocrx_word' id='word_1_35' title='bbox 170 2009 226 2064; x_wconf 85' lang='lat'><strong>157.</strong></span> 
     </span>
    </p>
   </div>
   <div class='ocr_carea' id='block_1_8' title="bbox 44 2169 1023 2294">
    <p class='ocr_par' dir='ltr' id='par_1_8' title="bbox 44 2169 1023 2294">
     <span class='ocr_line' id='line_1_10' title="bbox 44 2169 1023 2294; baseline 0.027 -47"><span class='ocrx_word' id='word_1_36' title='bbox 44 2169 350 2256; x_wconf 63' lang='grc'><strong>0155135555-</strong></span> <span class='ocrx_word' id='word_1_37' title='bbox 376 2181 430 2255; x_wconf 90' lang='lat' dir='ltr'><strong>D.</strong></span> <span class='ocrx_word' id='word_1_38' title='bbox 451 2185 735 2286; x_wconf 77' lang='lat' dir='ltr'><em>Hieronymo</em></span> <span class='ocrx_word' id='word_1_39' title='bbox 760 2191 1023 2294; x_wconf 81' lang='lat' dir='ltr'><strong>Bomgart--</strong></span> 
     </span>
    </p>
   </div>
   <div class='ocr_carea' id='block_1_9' title="bbox 64 2281 992 2395">
    <p class='ocr_par' dir='ltr' id='par_1_9' title="bbox 64 2281 992 2395">
     <span class='ocr_line' id='line_1_11' title="bbox 64 2281 992 2395; baseline 0.033 -50"><span class='ocrx_word' id='word_1_40' title='bbox 64 2303 171 2366; x_wconf 89' lang='lat' dir='ltr'><strong>nero,</strong></span> <span class='ocrx_word' id='word_1_41' title='bbox 196 2281 374 2358; x_wconf 86' lang='lat' dir='ltr'><strong>Senatori</strong></span> <span class='ocrx_word' id='word_1_42' title='bbox 388 2287 546 2384; x_wconf 76' lang='lat' dir='ltr'><em>inclytae</em></span> <span class='ocrx_word' id='word_1_43' title='bbox 563 2291 666 2364; x_wconf 86' lang='lat' dir='ltr'><strong>urbis</strong></span> <span class='ocrx_word' id='word_1_44' title='bbox 682 2289 914 2395; x_wconf 79' lang='lat' dir='ltr'><strong>Noribergae</strong></span> <span class='ocrx_word' id='word_1_45' title='bbox 931 2312 992 2378; x_wconf 86' lang='lat' dir='ltr'><strong>etc.</strong></span> 
     </span>
    </p>
   </div>
   <div class='ocr_carea' id='block_1_10' title="bbox 45 2425 1015 2540">
    <p class='ocr_par' dir='ltr' id='par_1_10' title="bbox 45 2425 1015 2540">
     <span class='ocr_line' id='line_1_12' title="bbox 45 2425 1015 2540; baseline 0.03 -30"><span class='ocrx_word' id='word_1_46' title='bbox 45 2425 83 2510; x_wconf 82' lang='lat' dir='ltr'><strong>S.</strong></span> <span class='ocrx_word' id='word_1_47' title='bbox 105 2441 147 2516; x_wconf 92' lang='lat' dir='ltr'><strong>D.</strong></span> <span class='ocrx_word' id='word_1_48' title='bbox 196 2442 280 2514; x_wconf 88' lang='lat' dir='ltr'><strong>Scio</strong></span> <span class='ocrx_word' id='word_1_49' title='bbox 303 2461 339 2518; x_wconf 90' lang='lat' dir='ltr'><strong>te</strong></span> <span class='ocrx_word' id='word_1_50' title='bbox 360 2473 425 2540; x_wconf 90' lang='lat' dir='ltr'><strong>pro</strong></span> <span class='ocrx_word' id='word_1_51' title='bbox 447 2463 509 2520; x_wconf 88' lang='lat' dir='ltr'><strong>tuo</strong></span> <span class='ocrx_word' id='word_1_52' title='bbox 532 2475 670 2526; x_wconf 85' lang='lat' dir='ltr'><strong>summo</strong></span> <span class='ocrx_word' id='word_1_53' title='bbox 696 2461 849 2532; x_wconf 88' lang='lat' dir='ltr'><strong>candore</strong></span> <span class='ocrx_word' id='word_1_54' title='bbox 867 2489 941 2537; x_wconf 92' lang='lat' dir='ltr'><strong>non</strong></span> <span class='ocrx_word' id='word_1_55' title='bbox 958 2491 1015 2538; x_wconf 88' lang='lat' dir='ltr'><strong>so-</strong></span> 
     </span>
    </p>
   </div>
   <div class='ocr_carea' id='block_1_11' title="bbox 45 2541 1013 2653">
    <p class='ocr_par' dir='ltr' id='par_1_11' title="bbox 45 2541 1013 2653">
     <span class='ocr_line' id='line_1_13' title="bbox 45 2541 1013 2653; baseline 0.034 -47"><span class='ocrx_word' id='word_1_56' title='bbox 45 2541 104 2610; x_wconf 88' lang='lat' dir='ltr'><strong>lum</strong></span> <span class='ocrx_word' id='word_1_57' title='bbox 134 2544 246 2614; x_wconf 81' lang='lat' dir='ltr'><strong>officia</strong></span> <span class='ocrx_word' id='word_1_58' title='bbox 282 2548 319 2616; x_wconf 94' lang='lat' dir='ltr'><strong>in</strong></span> <span class='ocrx_word' id='word_1_59' title='bbox 354 2552 500 2640; x_wconf 83' lang='lat' dir='ltr'><strong>pagellis</strong></span> <span class='ocrx_word' id='word_1_60' title='bbox 532 2556 717 2628; x_wconf 79' lang='lat' dir='ltr'><strong>mittendis</strong></span> <span class='ocrx_word' id='word_1_61' title='bbox 742 2563 913 2653; x_wconf 89' lang='lat' dir='ltr'><strong>probare,</strong></span> <span class='ocrx_word' id='word_1_62' title='bbox 952 2572 1013 2638; x_wconf 83' lang='lat' dir='ltr'><strong>sed</strong></span> 
     </span>
    </p>
   </div>
   <div class='ocr_carea' id='block_1_12' title="bbox 45 2642 1016 2744">
    <p class='ocr_par' dir='ltr' id='par_1_12' title="bbox 45 2642 1016 2744">
     <span class='ocr_line' id='line_1_14' title="bbox 45 2642 1016 2744; baseline 0.035 -36"><span class='ocrx_word' id='word_1_63' title='bbox 45 2642 130 2712; x_wconf 84' lang='lat' dir='ltr'><strong>ctiam</strong></span> <span class='ocrx_word' id='word_1_64' title='bbox 144 2647 349 2733; x_wconf 76' lang='lat' dir='ltr'><strong>consilium,</strong></span> <span class='ocrx_word' id='word_1_65' title='bbox 371 2654 467 2744; x_wconf 92' lang='lat' dir='ltr'><strong>quod</strong></span> <span class='ocrx_word' id='word_1_66' title='bbox 483 2655 567 2734; x_wconf 88' lang='lat' dir='ltr'><strong>tales</strong></span> <span class='ocrx_word' id='word_1_67' title='bbox 583 2661 744 2729; x_wconf 86' lang='lat' dir='ltr'><strong>materias</strong></span> <span class='ocrx_word' id='word_1_68' title='bbox 760 2665 1016 2744; x_wconf 74' lang='lat' dir='ltr'><strong>adolescentiae</strong></span> 
     </span>
    </p>
   </div>
   <div class='ocr_carea' id='block_1_13' title="bbox 591 268 1592 378">
    <p class='ocr_par' dir='ltr' id='par_1_13' title="bbox 591 268 1592 378">
     <span class='ocr_line' id='line_1_15' title="bbox 591 268 1592 378; baseline 0.037 -37"><span class='ocrx_word' id='word_1_69' title='bbox 591 268 1037 357; x_wconf 71' lang='grc' dir='ltr'><strong>,ΕΡΙΒΤΟΒΑΒΠΜ</strong></span> <span class='ocrx_word' id='word_1_70' title='bbox 1088 285 1190 358; x_wconf 86' lang='lat' dir='ltr'><strong>LlB.</strong></span> <span class='ocrx_word' id='word_1_71' title='bbox 1225 287 1308 368; x_wconf 75' lang='lat' dir='ltr'><strong>lll.</strong></span> <span class='ocrx_word' id='word_1_72' title='bbox 1362 290 1487 370; x_wconf 87' lang='grc'><strong>1551.</strong></span> <span class='ocrx_word' id='word_1_73' title='bbox 1589 373 1592 378; x_wconf 86' lang='grc'><strong>,</strong></span> 
     </span>
    </p>
   </div>
   <div class='ocr_carea' id='block_1_14' title="bbox 48 435 1269 646">
    <p class='ocr_par' dir='ltr' id='par_1_14' title="bbox 48 435 1269 646">
     <span class='ocr_line' id='line_1_16' title="bbox 48 435 1269 534; baseline 0.02 -26"><span class='ocrx_word' id='word_1_74' title='bbox 48 435 167 526; x_wconf 77' lang='lat' dir='ltr'><strong>Scripsi</strong></span> <span class='ocrx_word' id='word_1_75' title='bbox 192 439 237 506; x_wconf 89' lang='lat' dir='ltr'><strong>ad</strong></span> <span class='ocrx_word' id='word_1_76' title='bbox 252 437 409 510; x_wconf 87' lang='lat' dir='ltr'><strong>nobilem</strong></span> <span class='ocrx_word' id='word_1_77' title='bbox 427 441 542 514; x_wconf 76' lang='lat' dir='ltr'><strong>elram</strong></span> <span class='ocrx_word' id='word_1_78' title='bbox 561 443 747 520; x_wconf 87' lang='lat' dir='ltr'><strong>dominum</strong></span> <span class='ocrx_word' id='word_1_79' title='bbox 763 445 1023 524; x_wconf 84' lang='lat' dir='ltr'><strong>Boidasarom</strong></span> <span class='ocrx_word' id='word_1_80' title='bbox 1074 453 1140 530; x_wconf 89' lang='lat' dir='ltr'><strong>No.</strong></span> <span class='ocrx_word' id='word_1_81' title='bbox 1156 455 1269 534; x_wconf 77' lang='grc'><strong>1865.</strong></span> 
     </span>
     <span class='ocr_line' id='line_1_17' title="bbox 49 531 1252 646; baseline 0.021 -40"><span class='ocrx_word' id='word_1_82' title='bbox 49 533 87 606; x_wconf 85' lang='lat' dir='ltr'><strong>de</strong></span> <span class='ocrx_word' id='word_1_83' title='bbox 98 531 295 632; x_wconf 82' lang='lat' dir='ltr'><strong>Reebherg.</strong></span> <span class='ocrx_word' id='word_1_84' title='bbox 334 536 390 612; x_wconf 85' lang='lat' dir='ltr'><strong>Ad</strong></span> <span class='ocrx_word' id='word_1_85' title='bbox 409 539 506 615; x_wconf 91' lang='lat' dir='ltr'><strong>hunc</strong></span> <span class='ocrx_word' id='word_1_86' title='bbox 520 549 616 616; x_wconf 88' lang='lat' dir='ltr'><strong>enirn</strong></span> <span class='ocrx_word' id='word_1_87' title='bbox 632 551 726 620; x_wconf 83' lang='lat' dir='ltr'><strong>filius</strong></span> <span class='ocrx_word' id='word_1_88' title='bbox 740 565 822 632; x_wconf 82' lang='lat' dir='ltr'><strong>tuus</strong></span> <span class='ocrx_word' id='word_1_89' title='bbox 836 555 1023 646; x_wconf 76' lang='lat' dir='ltr'><strong>praecipue</strong></span> <span class='ocrx_word' id='word_1_90' title='bbox 1081 553 1252 585; x_wconf 44' lang='grc' dir='ltr'><strong>’Ν</strong></span> 
     </span>
    </p>
   </div>
   <div class='ocr_carea' id='block_1_15' title="bbox 47 641 1023 1040">
    <p class='ocr_par' dir='ltr' id='par_1_15' title="bbox 47 641 1023 1040">
     <span class='ocr_line' id='line_1_18' title="bbox 48 641 1023 726; baseline 0.019 -18"><span class='ocrx_word' id='word_1_91' title='bbox 48 641 258 708; x_wconf 83' lang='lat' dir='ltr'><strong>scribendum</strong></span> <span class='ocrx_word' id='word_1_92' title='bbox 292 663 365 710; x_wconf 86' lang='lat' dir='ltr'><strong>esse</strong></span> <span class='ocrx_word' id='word_1_93' title='bbox 391 643 579 721; x_wconf 86' lang='lat' dir='ltr'><strong>iudicabat.</strong></span> <span class='ocrx_word' id='word_1_94' title='bbox 643 650 712 722; x_wconf 89' lang='lat' dir='ltr'><strong>Sed</strong></span> <span class='ocrx_word' id='word_1_95' title='bbox 736 655 763 720; x_wconf 91' lang='lat' dir='ltr'><strong>si</strong></span> <span class='ocrx_word' id='word_1_96' title='bbox 788 653 905 726; x_wconf 78' lang='lat' dir='ltr'><strong>literas</strong></span> <span class='ocrx_word' id='word_1_97' title='bbox 928 681 1023 726; x_wconf 88' lang='lat' dir='ltr'><strong>meas</strong></span> 
     </span>
     <span class='ocr_line' id='line_1_19' title="bbox 48 741 1022 838; baseline 0.02 -30"><span class='ocrx_word' id='word_1_98' title='bbox 48 741 233 831; x_wconf 80' lang='lat' dir='ltr'><strong>profuturas</strong></span> <span class='ocrx_word' id='word_1_99' title='bbox 258 741 291 810; x_wconf 91' lang='lat' dir='ltr'><strong>ei</strong></span> <span class='ocrx_word' id='word_1_100' title='bbox 308 743 531 818; x_wconf 62' lang='lat' dir='ltr'><strong>,existimabis</strong></span> <span class='ocrx_word' id='word_1_101' title='bbox 552 749 597 818; x_wconf 86' lang='lat' dir='ltr'><strong>sd</strong></span> <span class='ocrx_word' id='word_1_102' title='bbox 619 751 725 838; x_wconf 88' lang='lat' dir='ltr'><strong>alius,</strong></span> <span class='ocrx_word' id='word_1_103' title='bbox 750 757 807 824; x_wconf 86' lang='lat' dir='ltr'><strong>vel</strong></span> <span class='ocrx_word' id='word_1_104' title='bbox 821 759 865 826; x_wconf 89' lang='lat' dir='ltr'><strong>ad</strong></span> <span class='ocrx_word' id='word_1_105' title='bbox 882 755 1022 827; x_wconf 88' lang='lat' dir='ltr'><strong>Princi-</strong></span> 
     </span>
     <span class='ocr_line' id='line_1_20' title="bbox 47 841 1021 934; baseline 0.023 -22"><span class='ocrx_word' id='word_1_106' title='bbox 47 865 115 934; x_wconf 88' lang='lat' dir='ltr'><strong>pem</strong></span> <span class='ocrx_word' id='word_1_107' title='bbox 145 841 308 932; x_wconf 90' lang='lat' dir='ltr'><strong>scriptas,</strong></span> <span class='ocrx_word' id='word_1_108' title='bbox 347 867 422 914; x_wconf 91' lang='lat' dir='ltr'><strong>non</strong></span> <span class='ocrx_word' id='word_1_109' title='bbox 454 847 566 919; x_wconf 87' lang='lat' dir='ltr'><strong>deerit</strong></span> <span class='ocrx_word' id='word_1_110' title='bbox 599 851 666 922; x_wconf 90' lang='lat' dir='ltr'><strong>tibi</strong></span> <span class='ocrx_word' id='word_1_111' title='bbox 694 877 813 924; x_wconf 88' lang='lat' dir='ltr'><strong>meum</strong></span> <span class='ocrx_word' id='word_1_112' title='bbox 853 858 1021 934; x_wconf 88' lang='lat' dir='ltr'><strong>osticium.</strong></span> 
     </span>
     <span class='ocr_line' id='line_1_21' title="bbox 47 941 1022 1040; baseline 0.019 -28"><span class='ocrx_word' id='word_1_113' title='bbox 47 943 142 1032; x_wconf 87' lang='lat' dir='ltr'><strong>Spero</strong></span> <span class='ocrx_word' id='word_1_114' title='bbox 164 941 230 1012; x_wconf 91' lang='lat' dir='ltr'><strong>tibi</strong></span> <span class='ocrx_word' id='word_1_115' title='bbox 252 943 367 1014; x_wconf 85' lang='lat' dir='ltr'><strong>filiurn</strong></span> <span class='ocrx_word' id='word_1_116' title='bbox 389 947 565 1040; x_wconf 83' lang='lat' dir='ltr'><strong>voluptati</strong></span> <span class='ocrx_word' id='word_1_117' title='bbox 586 951 680 1037; x_wconf 85' lang='lat' dir='ltr'><strong>fore,</strong></span> <span class='ocrx_word' id='word_1_118' title='bbox 707 969 740 1025; x_wconf 89' lang='lat' dir='ltr'><strong>et</strong></span> <span class='ocrx_word' id='word_1_119' title='bbox 758 953 873 1028; x_wconf 91' lang='lat' dir='ltr'><strong>Deum</strong></span> <span class='ocrx_word' id='word_1_120' title='bbox 895 983 958 1030; x_wconf 89' lang='lat' dir='ltr'><strong>oro</strong></span> <span class='ocrx_word' id='word_1_121' title='bbox 980 973 1022 1031; x_wconf 90' lang='lat' dir='ltr'><strong>ut</strong></span> 
     </span>
    </p>
   </div>
   <div class='ocr_carea' id='block_1_16' title="bbox 847 1592 1019 1712">
    <p class='ocr_par' dir='ltr' id='par_1_16' title="bbox 847 1592 1019 1712">
     <span class='ocr_line' id='line_1_22' title="bbox 847 1592 1019 1712; baseline 0.017 -59"><span class='ocrx_word' id='word_1_122' title='bbox 847 1592 1019 1712; x_wconf 58' lang='lat' dir='ltr'><em>Q</em></span> 
     </span>
    </p>
   </div>
   <div class='ocr_carea' id='block_1_17' title="bbox 1908 309 2072 554">
    <p class='ocr_par' dir='ltr' id='par_1_17' title="bbox 1908 309 2072 554">
     <span class='ocr_line' id='line_1_23' title="bbox 1989 309 2072 386; baseline 0.084 -6"><span class='ocrx_word' id='word_1_123' title='bbox 1989 309 2072 386; x_wconf 83' lang='grc'><strong>’754</strong></span> 
     </span>
     <span class='ocr_line' id='line_1_24' title="bbox 1908 483 2069 554; baseline -0.019 0"><span class='ocrx_word' id='word_1_124' title='bbox 1908 483 2069 554; x_wconf 67' lang='lat' dir='ltr'><strong>emittm.</strong></span> 
     </span>
    </p>
   </div>
   <div class='ocr_carea' id='block_1_18' title="bbox 1896 573 2068 605">
    <p class='ocr_par' dir='ltr' id='par_1_18' title="bbox 1896 573 2068 605">
     <span class='ocr_line' id='line_1_25' title="bbox 1896 573 2068 605; baseline 0.006 -1"><span class='ocrx_word' id='word_1_125' title='bbox 1896 573 2068 605; x_wconf 54' lang='grc' dir='ltr'><strong>Μ</strong></span> 
     </span>
    </p>
   </div>
   <div class='ocr_carea' id='block_1_19' title="bbox 1142 649 1862 902">
    <p class='ocr_par' dir='ltr' id='par_1_19' title="bbox 1142 649 1862 902">
     <span class='ocr_line' id='line_1_26' title="bbox 1391 649 1751 742; baseline 0.022 -8"><span class='ocrx_word' id='word_1_126' title='bbox 1391 649 1458 736; x_wconf 85' lang='lat' dir='ltr'><strong>Io.</strong></span> <span class='ocrx_word' id='word_1_127' title='bbox 1487 653 1751 742; x_wconf 78' lang='lat' dir='ltr'><strong>Matthesio.</strong></span> 
     </span>
     <span class='ocr_line' id='line_1_27' title="bbox 1142 815 1862 902; baseline 0.024 -33"><span class='ocrx_word' id='word_1_128' title='bbox 1142 815 1225 890; x_wconf 72' lang='lat' dir='ltr'><strong>apa.</strong></span> <span class='ocrx_word' id='word_1_129' title='bbox 1240 816 1288 875; x_wconf 86' lang='lat' dir='ltr'><strong>n.</strong></span> <span class='ocrx_word' id='word_1_130' title='bbox 1303 818 1338 879; x_wconf 88' lang='lat' dir='ltr'><strong>n.</strong></span> <span class='ocrx_word' id='word_1_131' title='bbox 1357 839 1384 894; x_wconf 73' lang='lat' dir='ltr'><strong>p.</strong></span> <span class='ocrx_word' id='word_1_132' title='bbox 1395 821 1439 880; x_wconf 83' lang='lat' dir='ltr'><strong>u.</strong></span> <span class='ocrx_word' id='word_1_133' title='bbox 1456 822 1510 894; x_wconf 72' lang='lat' dir='ltr'><strong>(a</strong></span> <span class='ocrx_word' id='word_1_134' title='bbox 1524 823 1617 882; x_wconf 70' lang='lat' dir='ltr'><strong>eona.</strong></span> <span class='ocrx_word' id='word_1_135' title='bbox 1629 825 1676 882; x_wconf 81' lang='grc'><strong>5.</strong></span> <span class='ocrx_word' id='word_1_136' title='bbox 1690 827 1724 884; x_wconf 92' lang='lat' dir='ltr'><strong>u.</strong></span> <span class='ocrx_word' id='word_1_137' title='bbox 1742 830 1862 902; x_wconf 61' lang='lat' dir='ltr'><strong>epar</strong></span> 
     </span>
    </p>
   </div>
   <div class='ocr_carea' id='block_1_20' title="bbox 1273 973 1859 1058">
    <p class='ocr_par' dir='ltr' id='par_1_20' title="bbox 1273 973 1859 1058">
     <span class='ocr_line' id='line_1_28' title="bbox 1273 973 1859 1058; baseline 0.019 -10"><span class='ocrx_word' id='word_1_138' title='bbox 1273 973 1329 1050; x_wconf 89' lang='lat' dir='ltr'><strong>D.</strong></span> <span class='ocrx_word' id='word_1_139' title='bbox 1355 973 1385 1049; x_wconf 96' lang='lat' dir='ltr'><strong><em>I</em></strong></span> <span class='ocrx_word' id='word_1_140' title='bbox 1389 973 1574 1052; x_wconf 82' lang='lat' dir='ltr'><strong>olianne&#39;</strong></span> <span class='ocrx_word' id='word_1_141' title='bbox 1592 974 1859 1058; x_wconf 77' lang='lat' dir='ltr'><strong>Matthesio</strong></span> 
     </span>
    </p>
   </div>
   <div class='ocr_carea' id='block_1_21' title="bbox 951 1058 2064 1219">
    <p class='ocr_par' dir='ltr' id='par_1_21' title="bbox 951 1058 2064 1219">
     <span class='ocr_line' id='line_1_29' title="bbox 951 1058 2064 1219; baseline 0.066 -53"><span class='ocrx_word' id='word_1_142' title='bbox 951 1058 1020 1132; x_wconf 62' lang='lat' dir='ltr'><strong>Die</strong></span> <span class='ocrx_word' id='word_1_143' title='bbox 1072 1101 1121 1190; x_wconf 84' lang='lat' dir='ltr'><strong>S,</strong></span> <span class='ocrx_word' id='word_1_144' title='bbox 1146 1117 1193 1195; x_wconf 84' lang='lat' dir='ltr'><strong>D.</strong></span> <span class='ocrx_word' id='word_1_145' title='bbox 1241 1120 1451 1200; x_wconf 80' lang='lat' dir='ltr'><strong>Revereude</strong></span> <span class='ocrx_word' id='word_1_146' title='bbox 1467 1129 1523 1200; x_wconf 87' lang='lat' dir='ltr'><strong>vir</strong></span> <span class='ocrx_word' id='word_1_147' title='bbox 1539 1144 1573 1202; x_wconf 90' lang='lat' dir='ltr'><strong>et</strong></span> <span class='ocrx_word' id='word_1_148' title='bbox 1585 1125 1789 1206; x_wconf 82' lang='lat' dir='ltr'><strong>charissime</strong></span> <span class='ocrx_word' id='word_1_149' title='bbox 1802 1137 1920 1214; x_wconf 60' lang='lat' dir='ltr'><strong>frater·</strong></span> <span class='ocrx_word' id='word_1_150' title='bbox 1971 1139 2064 1219; x_wconf 69' lang='lat' dir='ltr'><strong>cum</strong></span> 
     </span>
    </p>
   </div>
   <div class='ocr_carea' id='block_1_22' title="bbox 1072 1213 2064 1430">
    <p class='ocr_par' dir='ltr' id='par_1_22' title="bbox 1072 1213 2064 1430">
     <span class='ocr_line' id='line_1_30' title="bbox 1072 1213 2064 1318; baseline 0.029 -30"><span class='ocrx_word' id='word_1_151' title='bbox 1072 1213 1140 1291; x_wconf 89' lang='lat' dir='ltr'><strong>hoc</strong></span> <span class='ocrx_word' id='word_1_152' title='bbox 1155 1216 1337 1318; x_wconf 77' lang='lat' dir='ltr'><strong>Gregorio</strong></span> <span class='ocrx_word' id='word_1_153' title='bbox 1356 1227 1417 1300; x_wconf 87' lang='lat' dir='ltr'><strong>alii</strong></span> <span class='ocrx_word' id='word_1_154' title='bbox 1432 1253 1492 1300; x_wconf 86' lang='lat' dir='ltr'><strong>sex</strong></span> <span class='ocrx_word' id='word_1_155' title='bbox 1508 1232 1622 1304; x_wconf 88' lang='lat' dir='ltr'><strong>auditi</strong></span> <span class='ocrx_word' id='word_1_156' title='bbox 1636 1247 1670 1306; x_wconf 89' lang='lat' dir='ltr'><strong>et</strong></span> <span class='ocrx_word' id='word_1_157' title='bbox 1686 1235 1817 1308; x_wconf 90' lang='lat' dir='ltr'><strong>initiati</strong></span> <span class='ocrx_word' id='word_1_158' title='bbox 1830 1254 1915 1311; x_wconf 78' lang='lat' dir='ltr'><strong>scrut</strong></span> <span class='ocrx_word' id='word_1_159' title='bbox 1929 1245 1973 1314; x_wconf 86' lang='lat' dir='ltr'><strong>ad</strong></span> <span class='ocrx_word' id='word_1_160' title='bbox 1992 1247 2064 1316; x_wconf 89' lang='lat' dir='ltr'><strong>mi-</strong></span> 
     </span>
     <span class='ocr_line' id='line_1_31' title="bbox 1072 1321 2062 1430; baseline 0.035 -41"><span class='ocrx_word' id='word_1_161' title='bbox 1072 1321 1257 1398; x_wconf 89' lang='lat' dir='ltr'><strong>nisterium</strong></span> <span class='ocrx_word' id='word_1_162' title='bbox 1274 1323 1481 1420; x_wconf 80' lang='lat' dir='ltr'><strong>Evangelii,</strong></span> <span class='ocrx_word' id='word_1_163' title='bbox 1512 1357 1664 1426; x_wconf 89' lang='lat' dir='ltr'><strong>quorum</strong></span> <span class='ocrx_word' id='word_1_164' title='bbox 1687 1337 1801 1430; x_wconf 82' lang='lat' dir='ltr'><strong>aliqui</strong></span> <span class='ocrx_word' id='word_1_165' title='bbox 1819 1339 1910 1410; x_wconf 88' lang='lat' dir='ltr'><strong>bene</strong></span> <span class='ocrx_word' id='word_1_166' title='bbox 1932 1347 2062 1423; x_wconf 85' lang='lat' dir='ltr'><strong>eruditi</strong></span> 
     </span>
    </p>
   </div>
   <div class='ocr_carea' id='block_1_23' title="bbox 1039 1425 2097 1526">
    <p class='ocr_par' dir='ltr' id='par_1_23' title="bbox 1039 1425 2097 1526">
     <span class='ocr_line' id='line_1_32' title="bbox 1039 1425 2097 1526; baseline 0.028 -35"><span class='ocrx_word' id='word_1_167' title='bbox 1039 1475 1040 1478; x_wconf 38' lang='grc'><strong>.</strong></span> <span class='ocrx_word' id='word_1_168' title='bbox 1072 1439 1182 1502; x_wconf 86' lang='lat' dir='ltr'><strong>erant.</strong></span> <span class='ocrx_word' id='word_1_169' title='bbox 1234 1425 1286 1498; x_wconf 88' lang='lat' dir='ltr'><strong>lta</strong></span> <span class='ocrx_word' id='word_1_170' title='bbox 1299 1426 1413 1502; x_wconf 85' lang='lat' dir='ltr'><strong>Filius</strong></span> <span class='ocrx_word' id='word_1_171' title='bbox 1427 1429 1496 1502; x_wconf 91' lang='lat' dir='ltr'><strong>Dei</strong></span> <span class='ocrx_word' id='word_1_172' title='bbox 1511 1435 1646 1526; x_wconf 81' lang='lat' dir='ltr'><strong>colligit</strong></span> <span class='ocrx_word' id='word_1_173' title='bbox 1659 1437 1728 1508; x_wconf 92' lang='lat' dir='ltr'><strong>sibi</strong></span> <span class='ocrx_word' id='word_1_174' title='bbox 1741 1437 1933 1517; x_wconf 80' lang='lat' dir='ltr'><strong>Ecclesiam</strong></span> <span class='ocrx_word' id='word_1_175' title='bbox 1953 1459 1987 1515; x_wconf 86' lang='lat' dir='ltr'><strong>et</strong></span> <span class='ocrx_word' id='word_1_176' title='bbox 2002 1450 2063 1520; x_wconf 84' lang='lat' dir='ltr'><strong>dat</strong></span> <span class='ocrx_word' id='word_1_177' title='bbox 2094 1455 2097 1460; x_wconf 83' lang='lat'>&#39;</span> 
     </span>
    </p>
   </div>
   <div class='ocr_carea' id='block_1_24' title="bbox 1068 1526 2125 2330">
    <p class='ocr_par' dir='ltr' id='par_1_24' title="bbox 1068 1526 2125 2330">
     <span class='ocr_line' id='line_1_33' title="bbox 1071 1526 2125 1625; baseline 0.027 -32"><span class='ocrx_word' id='word_1_178' title='bbox 1071 1526 1183 1610; x_wconf 91' lang='lat' dir='ltr'><strong>dona,</strong></span> <span class='ocrx_word' id='word_1_179' title='bbox 1218 1527 1255 1598; x_wconf 93' lang='lat' dir='ltr'><strong>id</strong></span> <span class='ocrx_word' id='word_1_180' title='bbox 1277 1542 1345 1616; x_wconf 88' lang='lat' dir='ltr'><strong>est,</strong></span> <span class='ocrx_word' id='word_1_181' title='bbox 1377 1549 1534 1624; x_wconf 82' lang='lat' dir='ltr'><strong>pastores</strong></span> <span class='ocrx_word' id='word_1_182' title='bbox 1560 1539 1746 1625; x_wconf 87' lang='lat' dir='ltr'><strong>salutares,</strong></span> <span class='ocrx_word' id='word_1_183' title='bbox 1779 1542 1917 1614; x_wconf 88' lang='lat' dir='ltr'><strong>etiamsi</strong></span> <span class='ocrx_word' id='word_1_184' title='bbox 1944 1547 2062 1620; x_wconf 90' lang='lat' dir='ltr'><strong>delere</strong></span> <span class='ocrx_word' id='word_1_185' title='bbox 2119 1537 2125 1550; x_wconf 59' lang='lat'><strong>⁴</strong></span> 
     </span>
     <span class='ocr_line' id='line_1_34' title="bbox 1071 1622 2065 1740; baseline 0.026 -45"><span class='ocrx_word' id='word_1_186' title='bbox 1071 1622 1262 1699; x_wconf 82' lang='lat' dir='ltr'><strong>Ecclesiam</strong></span> <span class='ocrx_word' id='word_1_187' title='bbox 1289 1628 1479 1706; x_wconf 87' lang='lat' dir='ltr'><strong>Pontifices</strong></span> <span class='ocrx_word' id='word_1_188' title='bbox 1507 1637 1610 1730; x_wconf 90' lang='lat' dir='ltr'><strong>impii</strong></span> <span class='ocrx_word' id='word_1_189' title='bbox 1637 1653 1823 1716; x_wconf 84' lang='lat' dir='ltr'><strong>conantur.</strong></span> <span class='ocrx_word' id='word_1_190' title='bbox 1888 1639 2065 1740; x_wconf 74' lang='lat' dir='ltr'><strong>Gregorii</strong></span> 
     </span>
     <span class='ocr_line' id='line_1_35' title="bbox 1070 1728 2062 1834; baseline 0.022 -37"><span class='ocrx_word' id='word_1_191' title='bbox 1070 1728 1268 1802; x_wconf 87' lang='lat' dir='ltr'><strong>doctrinam</strong></span> <span class='ocrx_word' id='word_1_192' title='bbox 1292 1745 1327 1804; x_wconf 87' lang='lat' dir='ltr'><strong>et</strong></span> <span class='ocrx_word' id='word_1_193' title='bbox 1347 1759 1464 1806; x_wconf 89' lang='lat' dir='ltr'><strong>mores</strong></span> <span class='ocrx_word' id='word_1_194' title='bbox 1487 1737 1666 1810; x_wconf 90' lang='lat' dir='ltr'><strong>interdum</strong></span> <span class='ocrx_word' id='word_1_195' title='bbox 1688 1765 1709 1812; x_wconf 88' lang='lat' dir='ltr'><strong>a</strong></span> <span class='ocrx_word' id='word_1_196' title='bbox 1732 1755 1767 1814; x_wconf 91' lang='lat' dir='ltr'><strong>te</strong></span> <span class='ocrx_word' id='word_1_197' title='bbox 1786 1743 1915 1834; x_wconf 86' lang='lat' dir='ltr'><strong>inspici</strong></span> <span class='ocrx_word' id='word_1_198' title='bbox 1942 1750 2062 1834; x_wconf 89' lang='lat' dir='ltr'><strong>velim,</strong></span> 
     </span>
     <span class='ocr_line' id='line_1_36' title="bbox 1071 1828 2061 1940; baseline 0.023 -42"><span class='ocrx_word' id='word_1_199' title='bbox 1071 1828 1168 1900; x_wconf 88' lang='lat' dir='ltr'><strong>vides</strong></span> <span class='ocrx_word' id='word_1_200' title='bbox 1194 1857 1282 1925; x_wconf 89' lang='lat' dir='ltr'><strong>qnae</strong></span> <span class='ocrx_word' id='word_1_201' title='bbox 1306 1836 1352 1906; x_wconf 88' lang='lat' dir='ltr'><strong>sit</strong></span> <span class='ocrx_word' id='word_1_202' title='bbox 1373 1850 1478 1913; x_wconf 88' lang='lat' dir='ltr'><strong>aetas.</strong></span> <span class='ocrx_word' id='word_1_203' title='bbox 1528 1837 1577 1910; x_wconf 90' lang='lat' dir='ltr'><strong>Et</strong></span> <span class='ocrx_word' id='word_1_204' title='bbox 1597 1833 1744 1912; x_wconf 83' lang='lat' dir='ltr'><strong>Paulas</strong></span> <span class='ocrx_word' id='word_1_205' title='bbox 1764 1868 1838 1916; x_wconf 92' lang='lat' dir='ltr'><strong>nou</strong></span> <span class='ocrx_word' id='word_1_206' title='bbox 1863 1847 1938 1916; x_wconf 87' lang='lat' dir='ltr'><strong>sine</strong></span> <span class='ocrx_word' id='word_1_207' title='bbox 1960 1851 2061 1940; x_wconf 84' lang='lat' dir='ltr'><strong>gravi</strong></span> 
     </span>
     <span class='ocr_line' id='line_1_37' title="bbox 1069 1934 2060 2035; baseline 0.023 -36"><span class='ocrx_word' id='word_1_208' title='bbox 1069 1954 1171 2002; x_wconf 86' lang='lat' dir='ltr'><strong>causa</strong></span> <span class='ocrx_word' id='word_1_209' title='bbox 1188 1949 1308 2006; x_wconf 88' lang='lat' dir='ltr'><strong>monet</strong></span> <span class='ocrx_word' id='word_1_210' title='bbox 1323 1939 1367 2006; x_wconf 90' lang='lat' dir='ltr'><strong>de</strong></span> <span class='ocrx_word' id='word_1_211' title='bbox 1378 1934 1577 2035; x_wconf 82' lang='lat' dir='ltr'><strong>neophytis.</strong></span> <span class='ocrx_word' id='word_1_212' title='bbox 1628 1941 1700 2014; x_wconf 89' lang='lat' dir='ltr'><strong>Sed</strong></span> <span class='ocrx_word' id='word_1_213' title='bbox 1716 1958 1928 2024; x_wconf 85' lang='lat' dir='ltr'><strong>tamencum</strong></span> <span class='ocrx_word' id='word_1_214' title='bbox 1943 1952 2060 2023; x_wconf 88' lang='lat' dir='ltr'><strong>desint</strong></span> 
     </span>
     <span class='ocr_line' id='line_1_38' title="bbox 1068 2033 2059 2140; baseline 0.024 -40"><span class='ocrx_word' id='word_1_215' title='bbox 1068 2033 1223 2105; x_wconf 86' lang='lat' dir='ltr'><strong>seniores</strong></span> <span class='ocrx_word' id='word_1_216' title='bbox 1244 2048 1388 2110; x_wconf 77' lang='lat' dir='ltr'><strong>camur</strong></span> <span class='ocrx_word' id='word_1_217' title='bbox 1408 2041 1513 2112; x_wconf 87' lang='lat' dir='ltr'><strong>etiam</strong></span> <span class='ocrx_word' id='word_1_218' title='bbox 1530 2042 1750 2128; x_wconf 82' lang='lat' dir='ltr'><strong>iunioribus,</strong></span> <span class='ocrx_word' id='word_1_219' title='bbox 1776 2069 1928 2140; x_wconf 88' lang='lat' dir='ltr'><strong>quorum</strong></span> <span class='ocrx_word' id='word_1_220' title='bbox 1941 2053 2059 2124; x_wconf 86' lang='lat' dir='ltr'><strong>studia</strong></span> 
     </span>
     <span class='ocr_line' id='line_1_39' title="bbox 1069 2143 2060 2242; baseline 0.023 -42"><span class='ocrx_word' id='word_1_221' title='bbox 1069 2146 1103 2202; x_wconf 91' lang='lat' dir='ltr'><strong>et</strong></span> <span class='ocrx_word' id='word_1_222' title='bbox 1119 2159 1234 2206; x_wconf 87' lang='lat' dir='ltr'><strong>mores</strong></span> <span class='ocrx_word' id='word_1_223' title='bbox 1252 2153 1421 2227; x_wconf 85' lang='lat' dir='ltr'><strong>regantur</strong></span> <span class='ocrx_word' id='word_1_224' title='bbox 1435 2165 1455 2212; x_wconf 88' lang='lat' dir='ltr'><strong>a</strong></span> <span class='ocrx_word' id='word_1_225' title='bbox 1471 2143 1682 2219; x_wconf 85' lang='lat' dir='ltr'><strong>senioribus.</strong></span> <span class='ocrx_word' id='word_1_226' title='bbox 1732 2145 1840 2217; x_wconf 90' lang='lat' dir='ltr'><strong>Mitto</strong></span> <span class='ocrx_word' id='word_1_227' title='bbox 1858 2149 1923 2217; x_wconf 84' lang='lat' dir='ltr'><strong>tihi</strong></span> <span class='ocrx_word' id='word_1_228' title='bbox 1939 2153 2060 2242; x_wconf 82' lang='lat' dir='ltr'><strong>pagel-</strong></span> 
     </span>
     <span class='ocr_line' id='line_1_40' title="bbox 1068 2235 2059 2330; baseline 0.02 -28"><span class='ocrx_word' id='word_1_229' title='bbox 1068 2235 1119 2302; x_wconf 88' lang='lat' dir='ltr'><strong>las</strong></span> <span class='ocrx_word' id='word_1_230' title='bbox 1131 2259 1209 2306; x_wconf 87' lang='lat' dir='ltr'><strong>meo</strong></span> <span class='ocrx_word' id='word_1_231' title='bbox 1224 2263 1331 2314; x_wconf 86' lang='lat' dir='ltr'><strong>more.</strong></span> <span class='ocrx_word' id='word_1_232' title='bbox 1357 2238 1454 2314; x_wconf 88' lang='lat' dir='ltr'><strong>Bene</strong></span> <span class='ocrx_word' id='word_1_233' title='bbox 1467 2245 1545 2314; x_wconf 86' lang='lat' dir='ltr'><strong>vale</strong></span> <span class='ocrx_word' id='word_1_234' title='bbox 1559 2259 1593 2317; x_wconf 88' lang='lat' dir='ltr'><strong>et</strong></span> <span class='ocrx_word' id='word_1_235' title='bbox 1608 2245 1773 2330; x_wconf 81' lang='lat' dir='ltr'><strong>rescribe,</strong></span> <span class='ocrx_word' id='word_1_236' title='bbox 1794 2249 1851 2318; x_wconf 90' lang='lat' dir='ltr'><strong>die</strong></span> <span class='ocrx_word' id='word_1_237' title='bbox 1863 2250 1923 2320; x_wconf 78' lang='lat'><strong>20.</strong></span> <span class='ocrx_word' id='word_1_238' title='bbox 1934 2251 2059 2326; x_wconf 89' lang='lat' dir='ltr'><strong>Martii</strong></span> 
     </span>
    </p>
   </div>
   <div class='ocr_carea' id='block_1_25' title="bbox 1071 2332 1180 2412">
    <p class='ocr_par' dir='ltr' id='par_1_25' title="bbox 1071 2332 1180 2412">
     <span class='ocr_line' id='line_1_41' title="bbox 1071 2332 1180 2412; baseline 0.073 -8"><span class='ocrx_word' id='word_1_239' title='bbox 1071 2332 1180 2412; x_wconf 88' lang='grc'><strong>1551.</strong></span> 
     </span>
    </p>
   </div>
   <div class='ocr_carea' id='block_1_26' title="bbox 44 2737 1258 2867">
    <p class='ocr_par' dir='ltr' id='par_1_26' title="bbox 44 2737 1258 2867">
     <span class='ocr_line' id='line_1_42' title="bbox 44 2737 1258 2867; baseline 0.029 -59"><span class='ocrx_word' id='word_1_240' title='bbox 44 2747 266 2831; x_wconf 86' lang='lat' dir='ltr'><strong>proponimus.</strong></span> <span class='ocrx_word' id='word_1_241' title='bbox 323 2748 394 2820; x_wconf 91' lang='lat' dir='ltr'><strong>Sed</strong></span> <span class='ocrx_word' id='word_1_242' title='bbox 412 2775 562 2842; x_wconf 87' lang='lat' dir='ltr'><strong>agnosco</strong></span> <span class='ocrx_word' id='word_1_243' title='bbox 586 2781 699 2828; x_wconf 88' lang='lat' dir='ltr'><strong>meam</strong></span> <span class='ocrx_word' id='word_1_244' title='bbox 715 2762 955 2840; x_wconf 84' lang='lat' dir='ltr'><strong>infirmitatem</strong></span> <span class='ocrx_word' id='word_1_245' title='bbox 973 2797 1013 2842; x_wconf 90' lang='lat' dir='ltr'><strong>ac</strong></span> <span class='ocrx_word' id='word_1_246' title='bbox 1065 2737 1258 2867; x_wconf 62' lang='lat' dir='ltr'><strong>Q·</strong></span> 
     </span>
    </p>
   </div>
   <div class='ocr_carea' id='block_1_27' title="bbox 43 2843 1012 3144">
    <p class='ocr_par' dir='ltr' id='par_1_27' title="bbox 43 2843 1012 3144">
     <span class='ocr_line' id='line_1_43' title="bbox 43 2843 1012 2958; baseline 0.035 -50"><span class='ocrx_word' id='word_1_247' title='bbox 43 2844 177 2919; x_wconf 87' lang='lat' dir='ltr'><strong>maciem.</strong></span> <span class='ocrx_word' id='word_1_248' title='bbox 240 2843 376 2922; x_wconf 88' lang='lat' dir='ltr'><strong>Omnia</strong></span> <span class='ocrx_word' id='word_1_249' title='bbox 399 2867 482 2923; x_wconf 90' lang='lat' dir='ltr'><strong>sunt</strong></span> <span class='ocrx_word' id='word_1_250' title='bbox 505 2857 738 2948; x_wconf 88' lang='lat' dir='ltr'><strong>squalidiora,</strong></span> <span class='ocrx_word' id='word_1_251' title='bbox 771 2889 860 2958; x_wconf 90' lang='lat' dir='ltr'><strong>quae</strong></span> <span class='ocrx_word' id='word_1_252' title='bbox 885 2872 1012 2958; x_wconf 90' lang='lat' dir='ltr'><strong>scribo,</strong></span> 
     </span>
     <span class='ocr_line' id='line_1_44' title="bbox 43 2951 1009 3062; baseline 0.038 -55"><span class='ocrx_word' id='word_1_253' title='bbox 43 2963 129 3030; x_wconf 86' lang='lat' dir='ltr'><strong>quarn</strong></span> <span class='ocrx_word' id='word_1_254' title='bbox 150 2961 183 3018; x_wconf 91' lang='lat' dir='ltr'><strong>et</strong></span> <span class='ocrx_word' id='word_1_255' title='bbox 203 2951 333 3020; x_wconf 89' lang='lat' dir='ltr'><strong>vellem</strong></span> <span class='ocrx_word' id='word_1_256' title='bbox 357 2976 429 3022; x_wconf 89' lang='lat' dir='ltr'><strong>esse</strong></span> <span class='ocrx_word' id='word_1_257' title='bbox 446 2969 481 3024; x_wconf 88' lang='lat' dir='ltr'><strong>et</strong></span> <span class='ocrx_word' id='word_1_258' title='bbox 495 2979 568 3025; x_wconf 88' lang='lat' dir='ltr'><strong>esse</strong></span> <span class='ocrx_word' id='word_1_259' title='bbox 582 2959 777 3050; x_wconf 86' lang='lat' dir='ltr'><strong>debebant,</strong></span> <span class='ocrx_word' id='word_1_260' title='bbox 803 2991 843 3038; x_wconf 86' lang='lat' dir='ltr'><strong>ac</strong></span> <span class='ocrx_word' id='word_1_261' title='bbox 858 2974 1009 3062; x_wconf 90' lang='lat' dir='ltr'><strong>optarim</strong></span> 
     </span>
     <span class='ocr_line' id='line_1_45' title="bbox 43 3043 1011 3144; baseline 0.039 -37"><span class='ocrx_word' id='word_1_262' title='bbox 43 3043 113 3112; x_wconf 86' lang='lat' dir='ltr'><strong>elios</strong></span> <span class='ocrx_word' id='word_1_263' title='bbox 131 3071 266 3120; x_wconf 89' lang='lat' dir='ltr'><strong>sumere</strong></span> <span class='ocrx_word' id='word_1_264' title='bbox 282 3046 379 3122; x_wconf 92' lang='lat' dir='ltr'><strong>hunc</strong></span> <span class='ocrx_word' id='word_1_265' title='bbox 396 3055 565 3132; x_wconf 87' lang='lat' dir='ltr'><strong>lahorem.</strong></span> <span class='ocrx_word' id='word_1_266' title='bbox 616 3057 659 3130; x_wconf 93' lang='lat' dir='ltr'><strong>ln</strong></span> <span class='ocrx_word' id='word_1_267' title='bbox 676 3067 835 3138; x_wconf 84' lang='lat' dir='ltr'><strong>oratioue</strong></span> <span class='ocrx_word' id='word_1_268' title='bbox 850 3073 895 3140; x_wconf 89' lang='lat' dir='ltr'><strong>de</strong></span> <span class='ocrx_word' id='word_1_269' title='bbox 912 3071 1011 3144; x_wconf 90' lang='lat' dir='ltr'><strong>Duce</strong></span> 
     </span>
    </p>
   </div>
   <div class='ocr_carea' id='block_1_28' title="bbox 42 3137 1068 3255">
    <p class='ocr_par' dir='ltr' id='par_1_28' title="bbox 42 3137 1068 3255">
     <span class='ocr_line' id='line_1_46' title="bbox 42 3137 1068 3255; baseline 0.042 -48"><span class='ocrx_word' id='word_1_270' title='bbox 42 3137 188 3216; x_wconf 81' lang='lat' dir='ltr'><strong>Iohanne</strong></span> <span class='ocrx_word' id='word_1_271' title='bbox 204 3153 277 3255; x_wconf 81' lang='lat' dir='ltr'><strong>scip</strong></span> <span class='ocrx_word' id='word_1_272' title='bbox 294 3151 360 3223; x_wconf 88' lang='lat' dir='ltr'><strong>tibi</strong></span> <span class='ocrx_word' id='word_1_273' title='bbox 376 3155 548 3246; x_wconf 88' lang='lat' dir='ltr'><strong>placuisse</strong></span> <span class='ocrx_word' id='word_1_274' title='bbox 562 3157 690 3231; x_wconf 92' lang='lat' dir='ltr'><strong>Dionis</strong></span> <span class='ocrx_word' id='word_1_275' title='bbox 705 3167 812 3238; x_wconf 89' lang='lat' dir='ltr'><strong>verba</strong></span> <span class='ocrx_word' id='word_1_276' title='bbox 826 3171 870 3240; x_wconf 91' lang='lat' dir='ltr'><strong>de</strong></span> <span class='ocrx_word' id='word_1_277' title='bbox 886 3171 1010 3246; x_wconf 88' lang='lat' dir='ltr'><strong>Marco</strong></span> <span class='ocrx_word' id='word_1_278' title='bbox 1063 3226 1068 3234; x_wconf 84' lang='lat'><strong>·</strong></span> 
     </span>
    </p>
   </div>
   <div class='ocr_carea' id='block_1_29' title="bbox 42 3243 1011 3757">
    <p class='ocr_par' dir='ltr' id='par_1_29' title="bbox 42 3243 1011 3757">
     <span class='ocr_line' id='line_1_47' title="bbox 44 3243 1011 3355; baseline 0.04 -45"><span class='ocrx_word' id='word_1_279' title='bbox 44 3243 222 3335; x_wconf 77' lang='lat' dir='ltr'><strong>Antonino,</strong></span> <span class='ocrx_word' id='word_1_280' title='bbox 262 3265 352 3346; x_wconf 88' lang='lat' dir='ltr'><strong>qu&#39;ae</strong></span> <span class='ocrx_word' id='word_1_281' title='bbox 386 3257 588 3330; x_wconf 89' lang='lat' dir='ltr'><strong>invenimus</strong></span> <span class='ocrx_word' id='word_1_282' title='bbox 614 3261 708 3355; x_wconf 88' lang='lat' dir='ltr'><strong>apud</strong></span> <span class='ocrx_word' id='word_1_283' title='bbox 735 3266 894 3343; x_wconf 89' lang='lat' dir='ltr'><strong>Suidam.</strong></span> <span class='ocrx_word' id='word_1_284' title='bbox 961 3274 1011 3348; x_wconf 89' lang='lat' dir='ltr'><strong>Et</strong></span> 
     </span>
     <span class='ocr_line' id='line_1_48' title="bbox 43 3346 1010 3464; baseline 0.038 -53"><span class='ocrx_word' id='word_1_285' title='bbox 43 3346 107 3434; x_wconf 90' lang='lat' dir='ltr'><strong>quia</strong></span> <span class='ocrx_word' id='word_1_286' title='bbox 128 3349 314 3442; x_wconf 77' lang='lat' dir='ltr'><strong>imaginem</strong></span> <span class='ocrx_word' id='word_1_287' title='bbox 338 3357 445 3428; x_wconf 87' lang='lat' dir='ltr'><strong>etiam</strong></span> <span class='ocrx_word' id='word_1_288' title='bbox 468 3371 610 3430; x_wconf 87' lang='lat' dir='ltr'><strong>tuorum</strong></span> <span class='ocrx_word' id='word_1_289' title='bbox 628 3387 769 3438; x_wconf 84' lang='lat' dir='ltr'><strong>mamm</strong></span> <span class='ocrx_word' id='word_1_290' title='bbox 786 3394 860 3442; x_wconf 90' lang='lat' dir='ltr'><strong>esse</strong></span> <span class='ocrx_word' id='word_1_291' title='bbox 878 3371 1010 3464; x_wconf 90' lang='lat' dir='ltr'><strong>iudico,</strong></span> 
     </span>
     <span class='ocr_line' id='line_1_49' title="bbox 42 3446 1010 3576; baseline 0.041 -65"><span class='ocrx_word' id='word_1_292' title='bbox 42 3446 211 3520; x_wconf 84' lang='lat' dir='ltr'><strong>adscribam</strong></span> <span class='ocrx_word' id='word_1_293' title='bbox 226 3456 335 3526; x_wconf 89' lang='lat' dir='ltr'><strong>verba</strong></span> <span class='ocrx_word' id='word_1_294' title='bbox 353 3455 502 3530; x_wconf 90' lang='lat' dir='ltr'><strong>Graece:</strong></span> <span class='ocrx_word' id='word_1_295' title='bbox 535 3457 661 3553; x_wconf 81' lang='grc' dir='ltr'><strong><em>ὅμοιος</em></strong></span> <span class='ocrx_word' id='word_1_296' title='bbox 680 3462 743 3540; x_wconf 83' lang='lat' dir='ltr'><strong>ded</strong></span> <span class='ocrx_word' id='word_1_297' title='bbox 764 3465 918 3546; x_wconf 79' lang='grc' dir='ltr'><em>πάντων</em></span> <span class='ocrx_word' id='word_1_298' title='bbox 932 3475 1010 3576; x_wconf 79' lang='grc' dir='ltr'><strong>ἐγέ-</strong></span> 
     </span>
     <span class='ocr_line' id='line_1_50' title="bbox 42 3548 1010 3670; baseline 0.037 -55"><span class='ocrx_word' id='word_1_299' title='bbox 42 3565 107 3617; x_wconf 80' lang='lat' dir='ltr'><strong>tcto</strong></span> <span class='ocrx_word' id='word_1_300' title='bbox 123 3548 183 3622; x_wconf 83' lang='lat' dir='ltr'><strong>real</strong></span> <span class='ocrx_word' id='word_1_301' title='bbox 203 3553 244 3627; x_wconf 80' lang='grc' dir='ltr'><strong>ἐν</strong></span> <span class='ocrx_word' id='word_1_302' title='bbox 268 3553 394 3631; x_wconf 79' lang='lat' dir='ltr'><strong>odderi</strong></span> <span class='ocrx_word' id='word_1_303' title='bbox 417 3557 622 3658; x_wconf 76' lang='grc' dir='ltr'><strong><em>ἠλλοιώθη,</em></strong></span> <span class='ocrx_word' id='word_1_304' title='bbox 658 3563 867 3666; x_wconf 74' lang='grc' dir='ltr'><strong>ἀγαθὸς·δὲ</strong></span> <span class='ocrx_word' id='word_1_305' title='bbox 883 3569 1010 3670; x_wconf 75' lang='grc' dir='ltr'><em>ἦνκαὶ</em></span> 
     </span>
     <span class='ocr_line' id='line_1_51' title="bbox 42 3641 1010 3757; baseline 0.041 -45"><span class='ocrx_word' id='word_1_306' title='bbox 42 3641 132 3721; x_wconf 76' lang='lat' dir='ltr'><strong>oridia</strong></span> <span class='ocrx_word' id='word_1_307' title='bbox 145 3653 394 3752; x_wconf 75' lang='grc' dir='ltr'><strong><em>προσποίητον</em></strong></span> <span class='ocrx_word' id='word_1_308' title='bbox 410 3657 501 3753; x_wconf 82' lang='grc' dir='ltr'><em>εἶχε·</em></span> <span class='ocrx_word' id='word_1_309' title='bbox 536 3659 736 3757; x_wconf 79' lang='grc' dir='ltr'><em>πάμπολλα</em></span> <span class='ocrx_word' id='word_1_310' title='bbox 753 3669 816 3744; x_wconf 83' lang='grc' dir='ltr'><strong>καὶ</strong></span> <span class='ocrx_word' id='word_1_311' title='bbox 833 3671 907 3748; x_wconf 80' lang='lat' dir='ltr'><strong>eiad</strong></span> <span class='ocrx_word' id='word_1_312' title='bbox 924 3705 1010 3751; x_wconf 87' lang='grc' dir='ltr'><em>παι-</em></span> 
     </span>
    </p>
   </div>
   <div class='ocr_carea' id='block_1_30' title="bbox 42 3739 1009 3959">
    <p class='ocr_par' dir='ltr' id='par_1_30' title="bbox 42 3739 1009 3959">
     <span class='ocr_line' id='line_1_52' title="bbox 42 3739 1009 3854; baseline 0.039 -39"><span class='ocrx_word' id='word_1_313' title='bbox 42 3739 121 3829; x_wconf 70' lang='grc' dir='ltr'><strong><em>δείας</em></strong></span> <span class='ocrx_word' id='word_1_314' title='bbox 142 3750 330 3852; x_wconf 76' lang='grc' dir='ltr'><strong>ὠφελήθη.</strong></span> <span class='ocrx_word' id='word_1_315' title='bbox 381 3758 460 3832; x_wconf 90' lang='lat' dir='ltr'><strong>Hoc</strong></span> <span class='ocrx_word' id='word_1_316' title='bbox 482 3780 701 3854; x_wconf 89' lang='lat' dir='ltr'><strong>postremum</strong></span> <span class='ocrx_word' id='word_1_317' title='bbox 723 3777 923 3848; x_wconf 89' lang='lat' dir='ltr'><strong>membrum</strong></span> <span class='ocrx_word' id='word_1_318' title='bbox 945 3784 1009 3852; x_wconf 90' lang='lat' dir='ltr'><strong>ad-</strong></span> 
     </span>
     <span class='ocr_line' id='line_1_53' title="bbox 42 3846 660 3959; baseline 0.044 -46"><span class='ocrx_word' id='word_1_319' title='bbox 42 3846 106 3918; x_wconf 89' lang='lat' dir='ltr'><strong>dere</strong></span> <span class='ocrx_word' id='word_1_320' title='bbox 120 3855 160 3922; x_wconf 89' lang='lat' dir='ltr'><strong>de</strong></span> <span class='ocrx_word' id='word_1_321' title='bbox 174 3858 253 3928; x_wconf 89' lang='lat' dir='ltr'><strong>viro</strong></span> <span class='ocrx_word' id='word_1_322' title='bbox 274 3859 441 3932; x_wconf 89' lang='lat' dir='ltr'><strong>illiterato</strong></span> <span class='ocrx_word' id='word_1_323' title='bbox 459 3887 533 3934; x_wconf 90' lang='lat' dir='ltr'><strong>non</strong></span> <span class='ocrx_word' id='word_1_324' title='bbox 550 3871 660 3959; x_wconf 91' lang='lat' dir='ltr'><strong>potui.</strong></span> 
     </span>
    </p>
   </div>
   <div class='ocr_carea' id='block_1_31' title="bbox 120 3984 1009 4089">
    <p class='ocr_par' dir='ltr' id='par_1_31' title="bbox 120 3984 1009 4089">
     <span class='ocr_line' id='line_1_54' title="bbox 120 3984 1009 4089; baseline 0.03 -32"><span class='ocrx_word' id='word_1_325' title='bbox 120 3984 311 4062; x_wconf 82' lang='lat' dir='ltr'><strong>Matthaei</strong></span> <span class='ocrx_word' id='word_1_326' title='bbox 324 3991 360 4089; x_wconf 82' lang='grc'><strong>*)</strong></span> <span class='ocrx_word' id='word_1_327' title='bbox 389 3997 502 4066; x_wconf 86' lang='lat' dir='ltr'><strong>nostri</strong></span> <span class='ocrx_word' id='word_1_328' title='bbox 531 4001 696 4072; x_wconf 88' lang='lat' dir='ltr'><strong>interitus</strong></span> <span class='ocrx_word' id='word_1_329' title='bbox 719 4003 807 4078; x_wconf 88' lang='lat' dir='ltr'><strong>mihi</strong></span> <span class='ocrx_word' id='word_1_330' title='bbox 832 4025 866 4082; x_wconf 92' lang='lat' dir='ltr'><strong>et</strong></span> <span class='ocrx_word' id='word_1_331' title='bbox 887 4015 1009 4086; x_wconf 91' lang='lat' dir='ltr'><strong>multis</strong></span> 
     </span>
    </p>
   </div>
   <div class='ocr_carea' id='block_1_32' title="bbox 1161 2925 1706 3158">
    <p class='ocr_par' dir='ltr' id='par_1_32' title="bbox 1161 2925 1706 3158">
     <span class='ocr_line' id='line_1_55' title="bbox 1411 2925 1706 3012; baseline 0 0"><span class='ocrx_word' id='word_1_332' title='bbox 1411 2925 1466 3012; x_wconf 83' lang='lat' dir='ltr'><strong>L.</strong></span> <span class='ocrx_word' id='word_1_333' title='bbox 1496 2925 1706 3012; x_wconf 86' lang='lat' dir='ltr'><strong>Mottero.</strong></span> 
     </span>
     <span class='ocr_line' id='line_1_56' title="bbox 1161 3083 1541 3158; baseline 0.011 -20"><span class='ocrx_word' id='word_1_334' title='bbox 1161 3083 1244 3158; x_wconf 72' lang='lat' dir='ltr'><strong>epa.</strong></span> <span class='ocrx_word' id='word_1_335' title='bbox 1262 3084 1310 3146; x_wconf 83' lang='lat' dir='ltr'><strong>n.</strong></span> <span class='ocrx_word' id='word_1_336' title='bbox 1324 3083 1358 3142; x_wconf 87' lang='lat' dir='ltr'><strong>v.</strong></span> <span class='ocrx_word' id='word_1_337' title='bbox 1375 3101 1403 3156; x_wconf 70' lang='lat' dir='ltr'><strong>p.</strong></span> <span class='ocrx_word' id='word_1_338' title='bbox 1416 3085 1469 3142; x_wconf 79' lang='lat' dir='ltr'><strong>ao</strong></span> <span class='ocrx_word' id='word_1_339' title='bbox 1483 3103 1541 3158; x_wconf 78' lang='lat' dir='ltr'><strong>m·</strong></span> 
     </span>
    </p>
   </div>
   <div class='ocr_carea' id='block_1_33' title="bbox 1061 3235 2054 3439">
    <p class='ocr_par' dir='ltr' id='par_1_33' title="bbox 1061 3235 2054 3439">
     <span class='ocr_line' id='line_1_57' title="bbox 1061 3235 2054 3439; baseline 0.01 -127"><span class='ocrx_word' id='word_1_340' title='bbox 1061 3235 1328 3313; x_wconf 82' lang='lat' dir='ltr'><strong>Laurentio</strong></span> <span class='ocrx_word' id='word_1_341' title='bbox 1367 3235 1619 3439; x_wconf 56' lang='lat' dir='ltr'><strong>M⁰²fr:&#39;·⁰&#39;)</strong></span> <span class='ocrx_word' id='word_1_342' title='bbox 1640 3236 1934 3341; x_wconf 85' lang='lat' dir='ltr'><strong>(Conaionatori</strong></span> <span class='ocrx_word' id='word_1_343' title='bbox 1960 3247 2054 3322; x_wconf 87' lang='lat' dir='ltr'><strong>Hil-</strong></span> 
     </span>
     <span class='ocr_line' id='line_1_58' title="bbox 1525 3367 1603 3414; baseline -0.026 0"><span class='ocrx_word' id='word_1_344' title='bbox 1525 3367 1603 3414; x_wconf 77' lang='lat' dir='ltr'><strong>scae</strong></span> 
     </span>
    </p>
   </div>
   <div class='ocr_carea' id='block_1_34' title="bbox 1061 3479 2053 4090">
    <p class='ocr_par' dir='ltr' id='par_1_34' title="bbox 1061 3479 2053 4090">
     <span class='ocr_line' id='line_1_59' title="bbox 1061 3479 2053 3585; baseline 0 -19"><span class='ocrx_word' id='word_1_345' title='bbox 1061 3479 1109 3566; x_wconf 83' lang='lat' dir='ltr'><strong>S·</strong></span> <span class='ocrx_word' id='word_1_346' title='bbox 1136 3489 1182 3569; x_wconf 89' lang='lat' dir='ltr'><strong>D.</strong></span> <span class='ocrx_word' id='word_1_347' title='bbox 1221 3491 1451 3585; x_wconf 87' lang='lat' dir='ltr'><strong>integerrime</strong></span> <span class='ocrx_word' id='word_1_348' title='bbox 1464 3494 1532 3574; x_wconf 86' lang='lat' dir='ltr'><strong>vir,</strong></span> <span class='ocrx_word' id='word_1_349' title='bbox 1552 3507 1585 3564; x_wconf 89' lang='lat' dir='ltr'><strong>et</strong></span> <span class='ocrx_word' id='word_1_350' title='bbox 1599 3491 1710 3564; x_wconf 87' lang='lat' dir='ltr'><strong>amice</strong></span> <span class='ocrx_word' id='word_1_351' title='bbox 1726 3486 1939 3566; x_wconf 86' lang='lat' dir='ltr'><strong>charissime.</strong></span> <span class='ocrx_word' id='word_1_352' title='bbox 1968 3494 2053 3582; x_wconf 73' lang='lat' dir='ltr'><strong>Non</strong></span> 
     </span>
     <span class='ocr_line' id='line_1_60' title="bbox 1062 3591 2052 3698; baseline 0.005 -33"><span class='ocrx_word' id='word_1_353' title='bbox 1062 3597 1193 3666; x_wconf 87' lang='lat' dir='ltr'><strong>mortui</strong></span> <span class='ocrx_word' id='word_1_354' title='bbox 1221 3597 1420 3675; x_wconf 82' lang='lat' dir='ltr'><strong>laudabunt</strong></span> <span class='ocrx_word' id='word_1_355' title='bbox 1451 3607 1486 3666; x_wconf 88' lang='lat' dir='ltr'><strong>te</strong></span> <span class='ocrx_word' id='word_1_356' title='bbox 1514 3594 1688 3680; x_wconf 86' lang='lat' dir='ltr'><strong>Domine,</strong></span> <span class='ocrx_word' id='word_1_357' title='bbox 1721 3593 1839 3698; x_wconf 91' lang='lat' dir='ltr'><strong>inquit</strong></span> <span class='ocrx_word' id='word_1_358' title='bbox 1864 3591 2052 3686; x_wconf 87' lang='lat' dir='ltr'><strong>Propheta.</strong></span> 
     </span>
     <span class='ocr_line' id='line_1_61' title="bbox 1062 3695 2053 3786; baseline 0.002 -18"><span class='ocrx_word' id='word_1_359' title='bbox 1062 3695 1202 3786; x_wconf 81' lang='lat' dir='ltr'><strong>Quare,</strong></span> <span class='ocrx_word' id='word_1_360' title='bbox 1227 3722 1306 3768; x_wconf 91' lang='lat' dir='ltr'><strong>cum</strong></span> <span class='ocrx_word' id='word_1_361' title='bbox 1329 3699 1374 3766; x_wconf 91' lang='lat' dir='ltr'><strong>ad</strong></span> <span class='ocrx_word' id='word_1_362' title='bbox 1390 3697 1568 3766; x_wconf 89' lang='lat' dir='ltr'><strong>docendos</strong></span> <span class='ocrx_word' id='word_1_363' title='bbox 1584 3696 1672 3764; x_wconf 92' lang='lat' dir='ltr'><strong>alios</strong></span> <span class='ocrx_word' id='word_1_364' title='bbox 1687 3716 1777 3785; x_wconf 90' lang='lat' dir='ltr'><strong>opus</strong></span> <span class='ocrx_word' id='word_1_365' title='bbox 1793 3697 1838 3764; x_wconf 88' lang='lat' dir='ltr'><strong>sit</strong></span> <span class='ocrx_word' id='word_1_366' title='bbox 1850 3697 2053 3770; x_wconf 82' lang='lat' dir='ltr'><strong>senioribus</strong></span> 
     </span>
     <span class='ocr_line' id='line_1_62' title="bbox 1062 3793 2053 3890; baseline 0.001 -24"><span class='ocrx_word' id='word_1_367' title='bbox 1062 3812 1153 3870; x_wconf 87' lang='lat' dir='ltr'><strong>recte</strong></span> <span class='ocrx_word' id='word_1_368' title='bbox 1168 3797 1339 3870; x_wconf 86' lang='lat' dir='ltr'><strong>institutis</strong></span> <span class='ocrx_word' id='word_1_369' title='bbox 1355 3811 1390 3868; x_wconf 92' lang='lat' dir='ltr'><strong>et</strong></span> <span class='ocrx_word' id='word_1_370' title='bbox 1404 3797 1538 3890; x_wconf 90' lang='lat' dir='ltr'><strong>peritis,</strong></span> <span class='ocrx_word' id='word_1_371' title='bbox 1560 3793 1658 3866; x_wconf 89' lang='lat' dir='ltr'><strong>Dens</strong></span> <span class='ocrx_word' id='word_1_372' title='bbox 1669 3795 1829 3864; x_wconf 75' lang='lat' dir='ltr'><strong>‚orandus</strong></span> <span class='ocrx_word' id='word_1_373' title='bbox 1845 3810 1907 3881; x_wconf 87' lang='lat' dir='ltr'><strong>est,</strong></span> <span class='ocrx_word' id='word_1_374' title='bbox 1930 3809 1972 3868; x_wconf 85' lang='lat' dir='ltr'><strong>ut</strong></span> <span class='ocrx_word' id='word_1_375' title='bbox 1985 3799 2053 3868; x_wconf 86' lang='lat' dir='ltr'><strong>ali-</strong></span> 
     </span>
     <span class='ocr_line' id='line_1_63' title="bbox 1061 3896 2053 3994; baseline 0.003 -28"><span class='ocrx_word' id='word_1_376' title='bbox 1061 3901 1190 3994; x_wconf 89' lang='lat' dir='ltr'><strong>quibus</strong></span> <span class='ocrx_word' id='word_1_377' title='bbox 1207 3900 1315 3970; x_wconf 88' lang='lat' dir='ltr'><strong>vitam</strong></span> <span class='ocrx_word' id='word_1_378' title='bbox 1333 3899 1528 3988; x_wconf 84' lang='lat' dir='ltr'><strong>longiorem</strong></span> <span class='ocrx_word' id='word_1_379' title='bbox 1545 3897 1731 3980; x_wconf 89' lang='lat' dir='ltr'><strong>concedat,</strong></span> <span class='ocrx_word' id='word_1_380' title='bbox 1754 3907 1788 3966; x_wconf 91' lang='lat' dir='ltr'><strong>et</strong></span> <span class='ocrx_word' id='word_1_381' title='bbox 1803 3896 1979 3968; x_wconf 87' lang='lat' dir='ltr'><strong>infirmam</strong></span> <span class='ocrx_word' id='word_1_382' title='bbox 1996 3923 2053 3969; x_wconf 90' lang='lat' dir='ltr'><strong>se-</strong></span> 
     </span>
     <span class='ocr_line' id='line_1_64' title="bbox 1062 3997 2052 4090; baseline 0.002 -22"><span class='ocrx_word' id='word_1_383' title='bbox 1062 4013 1197 4071; x_wconf 89' lang='lat' dir='ltr'><strong>nectam</strong></span> <span class='ocrx_word' id='word_1_384' title='bbox 1212 4004 1396 4090; x_wconf 82' lang='lat' dir='ltr'><strong>gubernet.</strong></span> <span class='ocrx_word' id='word_1_385' title='bbox 1426 3999 1495 4070; x_wconf 89' lang='lat' dir='ltr'><strong>Sed</strong></span> <span class='ocrx_word' id='word_1_386' title='bbox 1510 3999 1666 4090; x_wconf 88' lang='lat' dir='ltr'><strong>profecto</strong></span> <span class='ocrx_word' id='word_1_387' title='bbox 1681 4021 1840 4067; x_wconf 85' lang='lat' dir='ltr'><strong>veravox</strong></span> <span class='ocrx_word' id='word_1_388' title='bbox 1857 4013 1921 4068; x_wconf 87' lang='lat' dir='ltr'><strong>est:</strong></span> <span class='ocrx_word' id='word_1_389' title='bbox 1949 3997 2052 4072; x_wconf 89' lang='lat' dir='ltr'><strong>Beati</strong></span> 
     </span>
    </p>
   </div>
   <div class='ocr_carea' id='block_1_35' title="bbox 41 4081 2053 5412">
    <p class='ocr_par' dir='ltr' id='par_1_35' title="bbox 41 4081 2053 5412">
     <span class='ocr_line' id='line_1_65' title="bbox 41 4081 2052 4194; baseline 0.013 -47"><span class='ocrx_word' id='word_1_390' title='bbox 41 4081 103 4154; x_wconf 84' lang='lat' dir='ltr'><strong>aliis</strong></span> <span class='ocrx_word' id='word_1_391' title='bbox 117 4113 279 4182; x_wconf 87' lang='lat' dir='ltr'><strong>maguum</strong></span> <span class='ocrx_word' id='word_1_392' title='bbox 296 4095 455 4168; x_wconf 88' lang='lat' dir='ltr'><strong>dolorem</strong></span> <span class='ocrx_word' id='word_1_393' title='bbox 470 4102 598 4170; x_wconf 88' lang='lat' dir='ltr'><strong>attulit.</strong></span> <span class='ocrx_word' id='word_1_394' title='bbox 630 4102 701 4174; x_wconf 89' lang='lat' dir='ltr'><strong>Sed</strong></span> <span class='ocrx_word' id='word_1_395' title='bbox 719 4132 860 4182; x_wconf 88' lang='lat' dir='ltr'><strong>oremus</strong></span> <span class='ocrx_word' id='word_1_396' title='bbox 874 4112 1007 4186; x_wconf 86' lang='lat' dir='ltr'><strong>Filium</strong></span> <span class='ocrx_word' id='word_1_397' title='bbox 1062 4103 1213 4187; x_wconf 89' lang='lat' dir='ltr'><strong>mortui,</strong></span> <span class='ocrx_word' id='word_1_398' title='bbox 1240 4101 1303 4194; x_wconf 90' lang='lat' dir='ltr'><strong>qni</strong></span> <span class='ocrx_word' id='word_1_399' title='bbox 1326 4101 1363 4168; x_wconf 91' lang='lat' dir='ltr'><strong>in</strong></span> <span class='ocrx_word' id='word_1_400' title='bbox 1378 4097 1533 4169; x_wconf 89' lang='lat' dir='ltr'><strong>Domino</strong></span> <span class='ocrx_word' id='word_1_401' title='bbox 1555 4099 1770 4171; x_wconf 91' lang='lat' dir='ltr'><strong>moriuntur.</strong></span> <span class='ocrx_word' id='word_1_402' title='bbox 1821 4097 1907 4170; x_wconf 91' lang='lat' dir='ltr'><strong>ldeo</strong></span> <span class='ocrx_word' id='word_1_403' title='bbox 1930 4117 2052 4190; x_wconf 85' lang='lat' dir='ltr'><strong>gratu-</strong></span> 
     </span>
     <span class='ocr_line' id='line_1_66' title="bbox 41 4177 2052 4320; baseline 0.01 -68"><span class='ocrx_word' id='word_1_404' title='bbox 41 4177 109 4272; x_wconf 87' lang='lat' dir='ltr'><strong>Dei,</strong></span> <span class='ocrx_word' id='word_1_405' title='bbox 132 4192 380 4273; x_wconf 65' lang='lat' dir='ltr'><strong>ut‘Ecclesiam</strong></span> <span class='ocrx_word' id='word_1_406' title='bbox 403 4221 502 4268; x_wconf 73' lang='lat' dir='ltr'><strong>cuam</strong></span> <span class='ocrx_word' id='word_1_407' title='bbox 523 4215 555 4274; x_wconf 72' lang='lat' dir='ltr'><strong>er</strong></span> <span class='ocrx_word' id='word_1_408' title='bbox 578 4225 644 4270; x_wconf 80' lang='lat' dir='ltr'><strong>nos</strong></span> <span class='ocrx_word' id='word_1_409' title='bbox 661 4205 699 4274; x_wconf 73' lang='lat' dir='ltr'><strong>in</strong></span> <span class='ocrx_word' id='word_1_410' title='bbox 715 4232 753 4276; x_wconf 56' lang='grc' dir='ltr'><em>ω</em></span> <span class='ocrx_word' id='word_1_411' title='bbox 770 4228 883 4283; x_wconf 62' lang='lat' dir='ltr'><strong>servet</strong></span> <span class='ocrx_word' id='word_1_412' title='bbox 896 4239 937 4285; x_wconf 66' lang='lat' dir='ltr'><strong>gc</strong></span> <span class='ocrx_word' id='word_1_413' title='bbox 953 4241 1009 4286; x_wconf 64' lang='lat' dir='ltr'><strong>re,</strong></span> <span class='ocrx_word' id='word_1_414' title='bbox 1061 4204 1175 4272; x_wconf 86' lang='lat' dir='ltr'><strong>lemur</strong></span> <span class='ocrx_word' id='word_1_415' title='bbox 1201 4203 1287 4294; x_wconf 90' lang='lat' dir='ltr'><strong>piis,</strong></span> <span class='ocrx_word' id='word_1_416' title='bbox 1319 4201 1382 4294; x_wconf 91' lang='lat' dir='ltr'><strong>qui</strong></span> <span class='ocrx_word' id='word_1_417' title='bbox 1404 4193 1489 4270; x_wconf 91' lang='lat' dir='ltr'><strong>hinc</strong></span> <span class='ocrx_word' id='word_1_418' title='bbox 1513 4201 1556 4269; x_wconf 87' lang='lat' dir='ltr'><strong>ad</strong></span> <span class='ocrx_word' id='word_1_419' title='bbox 1577 4199 1761 4270; x_wconf 87' lang='lat' dir='ltr'><strong>coelestem</strong></span> <span class='ocrx_word' id='word_1_420' title='bbox 1788 4195 1944 4320; x_wconf 78' lang='lat' dir='ltr'><strong>scholam</strong></span> <span class='ocrx_word' id='word_1_421' title='bbox 1967 4227 2052 4274; x_wconf 88' lang='lat' dir='ltr'><strong>evo-</strong></span> 
     </span>
     <span class='ocr_line' id='line_1_67' title="bbox 41 4285 2051 4395; baseline 0.01 -44"><span class='ocrx_word' id='word_1_422' title='bbox 41 4297 93 4368; x_wconf 80' lang='lat' dir='ltr'><strong>gat.</strong></span> <span class='ocrx_word' id='word_1_423' title='bbox 138 4285 304 4366; x_wconf 69' lang='lat' dir='ltr'><strong>Ulricum</strong></span> <span class='ocrx_word' id='word_1_424' title='bbox 326 4291 496 4392; x_wconf 72' lang='lat' dir='ltr'><strong>Sicingar</strong></span> <span class='ocrx_word' id='word_1_425' title='bbox 518 4299 554 4373; x_wconf 76' lang='lat' dir='ltr'><strong>&#39;et</strong></span> <span class='ocrx_word' id='word_1_426' title='bbox 574 4295 796 4380; x_wconf 66' lang='lat' dir='ltr'><strong>Mammas</strong></span> <span class='ocrx_word' id='word_1_427' title='bbox 822 4313 889 4384; x_wconf 66' lang='lat' dir='ltr'><strong>ribi</strong></span> <span class='ocrx_word' id='word_1_428' title='bbox 911 4341 1007 4387; x_wconf 67' lang='lat' dir='ltr'><strong>com.</strong></span> <span class='ocrx_word' id='word_1_429' title='bbox 1060 4316 1195 4376; x_wconf 87' lang='lat' dir='ltr'><strong>cantur.</strong></span> <span class='ocrx_word' id='word_1_430' title='bbox 1230 4301 1278 4372; x_wconf 87' lang='lat' dir='ltr'><strong>Et</strong></span> <span class='ocrx_word' id='word_1_431' title='bbox 1292 4317 1421 4386; x_wconf 89' lang='lat' dir='ltr'><strong>tamen,</strong></span> <span class='ocrx_word' id='word_1_432' title='bbox 1440 4315 1611 4395; x_wconf 91' lang='lat' dir='ltr'><strong>quantum</strong></span> <span class='ocrx_word' id='word_1_433' title='bbox 1627 4299 1724 4372; x_wconf 90' lang='lat' dir='ltr'><strong>Deus</strong></span> <span class='ocrx_word' id='word_1_434' title='bbox 1741 4301 1914 4386; x_wconf 84' lang='lat' dir='ltr'><strong>concedrt,</strong></span> <span class='ocrx_word' id='word_1_435' title='bbox 1941 4326 2051 4394; x_wconf 86' lang='lat' dir='ltr'><strong>quae-</strong></span> 
     </span>
     <span class='ocr_line' id='line_1_68' title="bbox 43 4391 2050 4502; baseline 0.001 -30"><span class='ocrx_word' id='word_1_436' title='bbox 43 4391 164 4465; x_wconf 71' lang='lat' dir='ltr'><strong>mffldo·</strong></span> <span class='ocrx_word' id='word_1_437' title='bbox 1060 4427 1176 4474; x_wconf 88' lang='lat' dir='ltr'><strong>ramus</strong></span> <span class='ocrx_word' id='word_1_438' title='bbox 1198 4428 1321 4489; x_wconf 81' lang='lat' dir='ltr'><strong>rursus</strong></span> <span class='ocrx_word' id='word_1_439' title='bbox 1344 4395 1502 4502; x_wconf 74' lang='grc' dir='ltr'><em>ἐργάτας</em></span> <span class='ocrx_word' id='word_1_440' title='bbox 1522 4404 1679 4474; x_wconf 89' lang='lat' dir='ltr'><strong>idoneos.</strong></span> <span class='ocrx_word' id='word_1_441' title='bbox 1737 4395 1791 4472; x_wconf 81' lang='lat' dir='ltr'><strong>Ac</strong></span> <span class='ocrx_word' id='word_1_442' title='bbox 1817 4401 1913 4473; x_wconf 87' lang='lat' dir='ltr'><strong>sedet</strong></span> <span class='ocrx_word' id='word_1_443' title='bbox 1936 4395 2050 4482; x_wconf 77' lang='lat' dir='ltr'><strong>Frlrus</strong></span> 
     </span>
     <span class='ocr_line' id='line_1_69' title="bbox 1058 4498 2052 4608; baseline -0.002 -32"><span class='ocrx_word' id='word_1_444' title='bbox 1058 4503 1126 4576; x_wconf 90' lang='lat' dir='ltr'><strong>Dei</strong></span> <span class='ocrx_word' id='word_1_445' title='bbox 1142 4507 1184 4576; x_wconf 90' lang='lat' dir='ltr'><strong>ad</strong></span> <span class='ocrx_word' id='word_1_446' title='bbox 1202 4507 1358 4576; x_wconf 82' lang='lat' dir='ltr'><strong>dextram</strong></span> <span class='ocrx_word' id='word_1_447' title='bbox 1375 4505 1508 4576; x_wconf 86' lang='lat' dir='ltr'><strong>aeterni</strong></span> <span class='ocrx_word' id='word_1_448' title='bbox 1523 4501 1656 4586; x_wconf 88' lang='lat' dir='ltr'><strong>Patris,</strong></span> <span class='ocrx_word' id='word_1_449' title='bbox 1680 4503 1770 4571; x_wconf 88' lang='lat' dir='ltr'><strong>dans</strong></span> <span class='ocrx_word' id='word_1_450' title='bbox 1784 4498 2052 4608; x_wconf 60' lang='lat' dir='ltr'><strong>donahominia</strong></span> 
     </span>
     <span class='ocr_line' id='line_1_70' title="bbox 1060 4603 2052 4700; baseline 0.002 -26"><span class='ocrx_word' id='word_1_451' title='bbox 1060 4609 1142 4688; x_wconf 90' lang='lat' dir='ltr'><strong>bus,</strong></span> <span class='ocrx_word' id='word_1_452' title='bbox 1175 4603 1335 4678; x_wconf 88' lang='lat' dir='ltr'><strong>Pastorcs</strong></span> <span class='ocrx_word' id='word_1_453' title='bbox 1364 4615 1398 4674; x_wconf 90' lang='lat' dir='ltr'><strong>et</strong></span> <span class='ocrx_word' id='word_1_454' title='bbox 1422 4605 1593 4675; x_wconf 89' lang='lat' dir='ltr'><strong>Doctores</strong></span> <span class='ocrx_word' id='word_1_455' title='bbox 1622 4603 1808 4687; x_wconf 88' lang='lat' dir='ltr'><strong>salutares,</strong></span> <span class='ocrx_word' id='word_1_456' title='bbox 1826 4605 1828 4610; x_wconf 80' lang='grc'><strong>’</strong></span> <span class='ocrx_word' id='word_1_457' title='bbox 1845 4606 2052 4700; x_wconf 75' lang='lat' dir='ltr'><strong>querti&#39;oro,</strong></span> 
     </span>
     <span class='ocr_line' id='line_1_71' title="bbox 1058 4701 2050 4782; baseline 0.001 -7"><span class='ocrx_word' id='word_1_458' title='bbox 1058 4719 1097 4776; x_wconf 88' lang='lat' dir='ltr'><strong>ut</strong></span> <span class='ocrx_word' id='word_1_459' title='bbox 1112 4721 1247 4780; x_wconf 87' lang='lat' dir='ltr'><strong>vestrae</strong></span> <span class='ocrx_word' id='word_1_460' title='bbox 1262 4705 1437 4780; x_wconf 81' lang='lat' dir='ltr'><strong>Ecclesiae</strong></span> <span class='ocrx_word' id='word_1_461' title='bbox 1452 4705 1556 4776; x_wconf 88' lang='lat' dir='ltr'><strong>etiam</strong></span> <span class='ocrx_word' id='word_1_462' title='bbox 1572 4705 1706 4776; x_wconf 88' lang='lat' dir='ltr'><strong>tribuat</strong></span> <span class='ocrx_word' id='word_1_463' title='bbox 1719 4701 2050 4782; x_wconf 75' lang='lat' dir='ltr'><strong>Pastorerns&#39;al&#39;uta-</strong></span> 
     </span>
     <span class='ocr_line' id='line_1_72' title="bbox 1060 4799 2048 4902; baseline 0 -26"><span class='ocrx_word' id='word_1_464' title='bbox 1060 4833 1143 4883; x_wconf 87' lang='lat' dir='ltr'><strong>rem.</strong></span> <span class='ocrx_word' id='word_1_465' title='bbox 1177 4805 1226 4878; x_wconf 88' lang='lat' dir='ltr'><strong>Et</strong></span> <span class='ocrx_word' id='word_1_466' title='bbox 1241 4811 1322 4902; x_wconf 90' lang='lat' dir='ltr'><strong>quia</strong></span> <span class='ocrx_word' id='word_1_467' title='bbox 1339 4799 1417 4877; x_wconf 89' lang='lat' dir='ltr'><strong>vult</strong></span> <span class='ocrx_word' id='word_1_468' title='bbox 1431 4803 1528 4876; x_wconf 89' lang='lat' dir='ltr'><strong>Dens</strong></span> <span class='ocrx_word' id='word_1_469' title='bbox 1543 4801 1721 4876; x_wconf 85' lang='lat' dir='ltr'><strong>Ecclesiae</strong></span> <span class='ocrx_word' id='word_1_470' title='bbox 1734 4805 1911 4896; x_wconf 82' lang='lat' dir='ltr'><strong>suffragiis</strong></span> <span class='ocrx_word' id='word_1_471' title='bbox 1928 4809 2048 4876; x_wconf 89' lang='lat' dir='ltr'><strong>vocari</strong></span> 
     </span>
     <span class='ocr_line' id='line_1_73' title="bbox 1058 4904 2047 5004; baseline 0.002 -26"><span class='ocrx_word' id='word_1_472' title='bbox 1058 4909 1229 5004; x_wconf 84' lang='lat' dir='ltr'><strong>aliquem,</strong></span> <span class='ocrx_word' id='word_1_473' title='bbox 1260 4906 1410 4996; x_wconf 83' lang='lat' dir='ltr'><strong>cogitavi</strong></span> <span class='ocrx_word' id='word_1_474' title='bbox 1432 4907 1476 4976; x_wconf 90' lang='lat' dir='ltr'><strong>de</strong></span> <span class='ocrx_word' id='word_1_475' title='bbox 1501 4904 1565 4995; x_wconf 85' lang='lat' dir='ltr'><strong>iis,</strong></span> <span class='ocrx_word' id='word_1_476' title='bbox 1595 4930 1747 5000; x_wconf 89' lang='lat' dir='ltr'><strong>quorum</strong></span> <span class='ocrx_word' id='word_1_477' title='bbox 1764 4907 1878 4976; x_wconf 83' lang='lat' dir='ltr'><strong>&#39;recito</strong></span> <span class='ocrx_word' id='word_1_478' title='bbox 1900 4909 2047 4980; x_wconf 88' lang='lat' dir='ltr'><strong>nomina</strong></span> 
     </span>
     <span class='ocr_line' id='line_1_74' title="bbox 1057 4993 1754 5102; baseline 0.004 -25"><span class='ocrx_word' id='word_1_479' title='bbox 1057 5009 1094 5078; x_wconf 94' lang='lat' dir='ltr'><strong>in</strong></span> <span class='ocrx_word' id='word_1_480' title='bbox 1112 5012 1266 5102; x_wconf 87' lang='lat' dir='ltr'><strong>pagella,</strong></span> <span class='ocrx_word' id='word_1_481' title='bbox 1293 5017 1398 5102; x_wconf 79' lang='lat' dir='ltr'><strong>quam</strong></span> <span class='ocrx_word' id='word_1_482' title='bbox 1416 5001 1472 5076; x_wconf 91' lang='lat' dir='ltr'><strong>his</strong></span> <span class='ocrx_word' id='word_1_483' title='bbox 1487 4993 1598 5080; x_wconf 83' lang='lat' dir='ltr'><strong>liieris</strong></span> <span class='ocrx_word' id='word_1_484' title='bbox 1618 5008 1754 5080; x_wconf 89' lang='lat' dir='ltr'><strong>inclusi.</strong></span> 
     </span>
     <span class='ocr_line' id='line_1_75' title="bbox 1063 5099 2049 5212; baseline 0 -34"><span class='ocrx_word' id='word_1_485' title='bbox 1063 5191 1066 5201; x_wconf 24' lang='lat'><strong>⁴</strong></span> <span class='ocrx_word' id='word_1_486' title='bbox 1105 5165 1108 5172; x_wconf 92' lang='lat'><strong>.</strong></span> <span class='ocrx_word' id='word_1_487' title='bbox 1155 5109 1264 5195; x_wconf 82' lang='lat' dir='ltr'><strong>Mitto&#39;</strong></span> <span class='ocrx_word' id='word_1_488' title='bbox 1282 5109 1347 5180; x_wconf 88' lang='lat' dir='ltr'><strong>tibi</strong></span> <span class='ocrx_word' id='word_1_489' title='bbox 1362 5109 1526 5206; x_wconf 79' lang='lat' dir='ltr'><strong>pagellas,</strong></span> <span class='ocrx_word' id='word_1_490' title='bbox 1550 5099 1747 5212; x_wconf 78' lang='lat' dir='ltr'><strong>quasnnn&#39;c</strong></span> <span class='ocrx_word' id='word_1_491' title='bbox 1764 5107 1808 5175; x_wconf 83' lang='lat' dir='ltr'><strong>ad</strong></span> <span class='ocrx_word' id='word_1_492' title='bbox 1823 5126 1966 5176; x_wconf 87' lang='lat' dir='ltr'><strong>manum</strong></span> <span class='ocrx_word' id='word_1_493' title='bbox 1984 5101 2049 5178; x_wconf 68' lang='lat' dir='ltr'><strong>ha&#39;-¹</strong></span> 
     </span>
     <span class='ocr_line' id='line_1_76' title="bbox 936 5201 2053 5316; baseline 0.001 -37"><span class='ocrx_word' id='word_1_494' title='bbox 936 5243 941 5256; x_wconf 80' lang='lat'><em>·</em></span> <span class='ocrx_word' id='word_1_495' title='bbox 1059 5201 1196 5285; x_wconf 72' lang='lat' dir='ltr'><strong>betta.</strong></span> <span class='ocrx_word' id='word_1_496' title='bbox 1234 5202 1372 5284; x_wconf 83' lang='lat' dir='ltr'><strong>&#39;ttodte</strong></span> <span class='ocrx_word' id='word_1_497' title='bbox 1396 5205 1556 5306; x_wconf 76' lang='grc' dir='ltr'><strong><em>παρήλια</em></strong></span> <span class='ocrx_word' id='word_1_498' title='bbox 1578 5203 1670 5280; x_wconf 79' lang='lat' dir='ltr'><strong>vidit</strong></span> <span class='ocrx_word' id='word_1_499' title='bbox 1687 5207 1843 5278; x_wconf 84' lang='lat' dir='ltr'><strong>huncius</strong></span> <span class='ocrx_word' id='word_1_500' title='bbox 1864 5219 1945 5278; x_wconf 88' lang='lat' dir='ltr'><strong>tuus</strong></span> <span class='ocrx_word' id='word_1_501' title='bbox 1967 5209 2053 5316; x_wconf 37' lang='lat' dir='ltr'><strong>anti·</strong></span> 
     </span>
     <span class='ocr_line' id='line_1_77' title="bbox 1058 5303 2050 5412; baseline 0.004 -32"><span class='ocrx_word' id='word_1_502' title='bbox 1058 5315 1277 5399; x_wconf 68' lang='lat' dir='ltr'><strong>aedesrneac</strong></span> <span class='ocrx_word' id='word_1_503' title='bbox 1292 5315 1572 5412; x_wconf 58' lang='lat' dir='ltr'><strong>amputatam</strong></span> <span class='ocrx_word' id='word_1_504' title='bbox 1585 5334 1653 5403; x_wconf 87' lang='lat' dir='ltr'><strong>per</strong></span> <span class='ocrx_word' id='word_1_505' title='bbox 1666 5313 1753 5385; x_wconf 84' lang='lat' dir='ltr'><strong>duas</strong></span> <span class='ocrx_word' id='word_1_506' title='bbox 1770 5303 1875 5386; x_wconf 84' lang='lat' dir='ltr'><strong>boras</strong></span> <span class='ocrx_word' id='word_1_507' title='bbox 1890 5334 1910 5380; x_wconf 91' lang='lat' dir='ltr'><strong>a</strong></span> <span class='ocrx_word' id='word_1_508' title='bbox 1924 5335 2050 5402; x_wconf 82' lang='lat' dir='ltr'><strong>magua</strong></span> 
     </span>
    </p>
   </div>
   <div class='ocr_carea' id='block_1_36' title="bbox 47 5407 2049 5588">
    <p class='ocr_par' dir='ltr' id='par_1_36' title="bbox 47 5407 2049 5588">
     <span class='ocr_line' id='line_1_78' title="bbox 877 5407 2049 5506; baseline 0.002 -24"><span class='ocrx_word' id='word_1_509' title='bbox 877 5429 880 5441; x_wconf 92' lang='grc'>·</span> <span class='ocrx_word' id='word_1_510' title='bbox 934 5424 940 5446; x_wconf 83' lang='grc'><em>·</em></span> <span class='ocrx_word' id='word_1_511' title='bbox 1058 5414 1285 5485; x_wconf 88' lang='lat' dir='ltr'><strong>multitudine</strong></span> <span class='ocrx_word' id='word_1_512' title='bbox 1308 5416 1529 5498; x_wconf 89' lang='lat' dir='ltr'><strong>eruditorum</strong></span> <span class='ocrx_word' id='word_1_513' title='bbox 1553 5425 1587 5482; x_wconf 88' lang='lat' dir='ltr'><strong>et</strong></span> <span class='ocrx_word' id='word_1_514' title='bbox 1609 5412 1758 5497; x_wconf 83' lang='lat' dir='ltr'><strong>civium,</strong></span> <span class='ocrx_word' id='word_1_515' title='bbox 1783 5411 1914 5505; x_wconf 78' lang='lat' dir='ltr'><strong>quibus</strong></span> <span class='ocrx_word' id='word_1_516' title='bbox 1938 5407 2049 5506; x_wconf 80' lang='lat' dir='ltr'><strong>oppo-</strong></span> 
     </span>
     <span class='ocr_line' id='line_1_79' title="bbox 47 5465 1437 5588; baseline 0.014 -49"><span class='ocrx_word' id='word_1_517' title='bbox 47 5465 200 5548; x_wconf 78' lang='lat' dir='ltr'><strong>Mnarrs.</strong></span> <span class='ocrx_word' id='word_1_518' title='bbox 216 5485 316 5553; x_wconf 81' lang='lat' dir='ltr'><strong>Orsa.</strong></span> <span class='ocrx_word' id='word_1_519' title='bbox 343 5487 426 5556; x_wconf 80' lang='lat' dir='ltr'><strong>Vos.</strong></span> <span class='ocrx_word' id='word_1_520' title='bbox 442 5491 516 5561; x_wconf 84' lang='lat' dir='ltr'><strong>vu.</strong></span> <span class='ocrx_word' id='word_1_521' title='bbox 1387 5516 1437 5588; x_wconf 70' lang='lat'><strong>43</strong></span> 
     </span>
    </p>
   </div>
   <div class='ocr_carea' id='block_1_37' title="bbox 41 4515 1006 5209">
    <p class='ocr_par' dir='ltr' id='par_1_37' title="bbox 41 4515 1006 5026">
     <span class='ocr_line' id='line_1_80' title="bbox 122 4515 1006 4636; baseline 0.035 -45"><span class='ocrx_word' id='word_1_522' title='bbox 122 4515 193 4593; x_wconf 92' lang='lat' dir='ltr'><strong>Oro</strong></span> <span class='ocrx_word' id='word_1_523' title='bbox 222 4527 328 4598; x_wconf 87' lang='lat' dir='ltr'><strong>etiam</strong></span> <span class='ocrx_word' id='word_1_524' title='bbox 356 4529 470 4602; x_wconf 90' lang='lat' dir='ltr'><strong>sicubi</strong></span> <span class='ocrx_word' id='word_1_525' title='bbox 494 4529 641 4605; x_wconf 88' lang='lat' dir='ltr'><strong>Ductori</strong></span> <span class='ocrx_word' id='word_1_526' title='bbox 665 4530 857 4615; x_wconf 82' lang='lat' dir='ltr'><strong>Leonarto</strong></span> <span class='ocrx_word' id='word_1_527' title='bbox 879 4570 1006 4636; x_wconf 88' lang='lat' dir='ltr'><strong>genero</strong></span> 
     </span>
     <span class='ocr_line' id='line_1_81' title="bbox 41 4602 1005 4732; baseline 0.041 -50"><span class='ocrx_word' id='word_1_528' title='bbox 41 4602 179 4692; x_wconf 84' lang='lat' dir='ltr'><strong>Doctoris</strong></span> <span class='ocrx_word' id='word_1_529' title='bbox 201 4615 418 4718; x_wconf 66' lang='lat' dir='ltr'><strong>Christiani</strong></span> <span class='ocrx_word' id='word_1_530' title='bbox 442 4631 649 4706; x_wconf 79' lang='lat' dir='ltr'><strong>benefacere</strong></span> <span class='ocrx_word' id='word_1_531' title='bbox 675 4645 822 4732; x_wconf 77' lang='lat' dir='ltr'><strong>puteris,</strong></span> <span class='ocrx_word' id='word_1_532' title='bbox 860 4663 900 4720; x_wconf 91' lang='lat' dir='ltr'><strong>ut</strong></span> <span class='ocrx_word' id='word_1_533' title='bbox 925 4676 1005 4721; x_wconf 87' lang='lat' dir='ltr'><strong>eum</strong></span> 
     </span>
     <span class='ocr_line' id='line_1_82' title="bbox 41 4721 1006 4822; baseline 0.04 -41"><span class='ocrx_word' id='word_1_534' title='bbox 41 4721 201 4810; x_wconf 78' lang='lat' dir='ltr'><strong>autoritate</strong></span> <span class='ocrx_word' id='word_1_535' title='bbox 222 4743 257 4798; x_wconf 90' lang='lat' dir='ltr'><strong>et</strong></span> <span class='ocrx_word' id='word_1_536' title='bbox 277 4730 527 4822; x_wconf 82' lang='lat' dir='ltr'><strong>suffragatione</strong></span> <span class='ocrx_word' id='word_1_537' title='bbox 548 4747 609 4805; x_wconf 87' lang='lat' dir='ltr'><strong>tua</strong></span> <span class='ocrx_word' id='word_1_538' title='bbox 632 4737 743 4820; x_wconf 81' lang='lat' dir='ltr'><strong>iuves.</strong></span> <span class='ocrx_word' id='word_1_539' title='bbox 808 4743 917 4820; x_wconf 88' lang='lat' dir='ltr'><strong>Mitto</strong></span> <span class='ocrx_word' id='word_1_540' title='bbox 940 4753 1006 4822; x_wconf 88' lang='lat' dir='ltr'><strong>tibi</strong></span> 
     </span>
     <span class='ocr_line' id='line_1_83' title="bbox 42 4820 1006 4926; baseline 0.044 -47"><span class='ocrx_word' id='word_1_541' title='bbox 42 4820 180 4904; x_wconf 83' lang='lat' dir='ltr'><strong>pagellas.</strong></span> <span class='ocrx_word' id='word_1_542' title='bbox 229 4826 389 4910; x_wconf 82' lang='lat' dir='ltr'><strong>Scribam</strong></span> <span class='ocrx_word' id='word_1_543' title='bbox 407 4833 493 4918; x_wconf 80' lang='lat' dir='ltr'><strong>alias</strong></span> <span class='ocrx_word' id='word_1_544' title='bbox 505 4835 692 4926; x_wconf 89' lang='lat' dir='ltr'><strong>copiosius.</strong></span> <span class='ocrx_word' id='word_1_545' title='bbox 742 4841 1006 4926; x_wconf 78' lang='lat' dir='ltr'><strong>Beneettoeli.</strong></span> 
     </span>
     <span class='ocr_line' id='line_1_84' title="bbox 42 4913 829 5026; baseline 0.05 -45"><span class='ocrx_word' id='word_1_546' title='bbox 42 4913 110 4987; x_wconf 87' lang='lat' dir='ltr'><strong>citer</strong></span> <span class='ocrx_word' id='word_1_547' title='bbox 124 4926 207 5000; x_wconf 87' lang='lat' dir='ltr'><strong>vale.</strong></span> <span class='ocrx_word' id='word_1_548' title='bbox 242 4923 325 5000; x_wconf 85' lang='lat' dir='ltr'><strong>&#39;Die</strong></span> <span class='ocrx_word' id='word_1_549' title='bbox 340 4934 555 5026; x_wconf 87' lang='lat' dir='ltr'><strong>aequinoctii</strong></span> <span class='ocrx_word' id='word_1_550' title='bbox 570 4939 684 5014; x_wconf 88' lang='lat' dir='ltr'><strong>verni.</strong></span> <span class='ocrx_word' id='word_1_551' title='bbox 720 4940 829 5020; x_wconf 84' lang='lat'><strong>1551.</strong></span> 
     </span>
    </p>

    <p class='ocr_par' dir='ltr' id='par_1_38' title="bbox 375 5033 958 5209">
     <span class='ocr_line' id='line_1_85' title="bbox 375 5033 958 5140; baseline 0.041 -40"><span class='ocrx_word' id='word_1_552' title='bbox 375 5095 378 5100; x_wconf 87' lang='lat'><strong>.</strong></span> <span class='ocrx_word' id='word_1_553' title='bbox 416 5095 439 5140; x_wconf 44' lang='lat' dir='ltr'><strong>,p</strong></span> <span class='ocrx_word' id='word_1_554' title='bbox 483 5117 502 5138; x_wconf 84' lang='lat'><strong>·.</strong></span> <span class='ocrx_word' id='word_1_555' title='bbox 528 5033 717 5134; x_wconf 90' lang='lat' dir='ltr'><strong>Philippus</strong></span> <span class='ocrx_word' id='word_1_556' title='bbox 735 5041 958 5139; x_wconf 76' lang='lat' dir='ltr'><strong>Melanthea,</strong></span> 
     </span>
     <span class='ocr_line' id='line_1_86' title="bbox 670 5181 931 5209; baseline 0.027 -7"><span class='ocrx_word' id='word_1_557' title='bbox 670 5189 673 5202; x_wconf 85' lang='grc' dir='ltr'>ι</span> <span class='ocrx_word' id='word_1_558' title='bbox 843 5199 846 5207; x_wconf 88' lang='grc'><strong>.</strong></span> <span class='ocrx_word' id='word_1_559' title='bbox 923 5181 931 5209; x_wconf 80' lang='grc' dir='ltr'><strong><em>Ι</em></strong></span> 
     </span>
    </p>
   </div>
   <div class='ocr_carea' id='block_1_38' title="bbox 49 5153 449 5212">
    <p class='ocr_par' dir='ltr' id='par_1_39' title="bbox 49 5153 449 5212">
     <span class='ocr_line' id='line_1_87' title="bbox 49 5153 449 5212; baseline 0.025 -29"><span class='ocrx_word' id='word_1_560' title='bbox 49 5153 449 5212; x_wconf 33' lang='grc' dir='ltr'><strong>ᾞᾸ,,Ι</strong></span> 
     </span>
    </p>
   </div>
   <div class='ocr_carea' id='block_1_39' title="bbox 67 5258 726 5364">
    <p class='ocr_par' dir='ltr' id='par_1_40' title="bbox 67 5258 726 5364">
     <span class='ocr_line' id='line_1_88' title="bbox 67 5258 726 5364; baseline 0.041 -47"><span class='ocrx_word' id='word_1_561' title='bbox 67 5258 90 5340; x_wconf 56' lang='lat' dir='ltr'><strong>f)</strong></span> <span class='ocrx_word' id='word_1_562' title='bbox 105 5263 220 5364; x_wconf 74' lang='lat' dir='ltr'><strong>irenaei,</strong></span> <span class='ocrx_word' id='word_1_563' title='bbox 238 5273 292 5334; x_wconf 67' lang='lat' dir='ltr'><strong>eid.</strong></span> <span class='ocrx_word' id='word_1_564' title='bbox 308 5292 353 5364; x_wconf 71' lang='lat' dir='ltr'><strong>pp.</strong></span> <span class='ocrx_word' id='word_1_565' title='bbox 370 5275 407 5332; x_wconf 82' lang='lat' dir='ltr'><strong>sd</strong></span> <span class='ocrx_word' id='word_1_566' title='bbox 426 5275 532 5364; x_wconf 67' lang='lat' dir='ltr'><strong>cama,</strong></span> <span class='ocrx_word' id='word_1_567' title='bbox 552 5281 579 5338; x_wconf 75' lang='lat' dir='ltr'><strong>d.</strong></span> <span class='ocrx_word' id='word_1_568' title='bbox 597 5281 624 5340; x_wconf 82' lang='grc'><strong>1.</strong></span> <span class='ocrx_word' id='word_1_569' title='bbox 642 5281 726 5344; x_wconf 78' lang='lat' dir='ltr'><strong>Mart.</strong></span> 
     </span>
    </p>
   </div>
   <div class='ocr_carea' id='block_1_40' title="bbox 0 0 2334 5816">
    <p class='ocr_par' dir='ltr' id='par_1_41' title="bbox 0 0 2334 5816">
     <span class='ocr_line' id='line_1_89' title="bbox 0 0 2334 5816; baseline 0 0"><span class='ocrx_word' id='word_1_570' title='bbox 0 0 2334 5816; x_wconf 95' lang='lat' dir='ltr'><strong> </strong></span> 
     </span>
    </p>
   </div>
  </div>
 </body>
</html>
