<?xml version="1.0" encoding="UTF-8"?>
<!DOCTYPE html PUBLIC "-//W3C//DTD XHTML 1.0 Transitional//EN"
    "http://www.w3.org/TR/xhtml1/DTD/xhtml1-transitional.dtd">
<html xmlns="http://www.w3.org/1999/xhtml" xml:lang="en" lang="en">
 <head>
  <title>
</title>
<meta http-equiv="Content-Type" content="text/html;charset=utf-8" />
  <meta name='ocr-system' content='tesseract 3.04.00' />
  <meta name='ocr-capabilities' content='ocr_page ocr_carea ocr_par ocr_line ocrx_word'/>
</head>
<body>
  <div class='ocr_page' id='page_1' title='image "./corpusreformato20melagoog/corpusreformato20melagoog_0524.png"; bbox 0 0 4670 5808; ppageno 0'>
   <div class='ocr_carea' id='block_1_1' title="bbox 108 241 2136 327">
    <p class='ocr_par' dir='ltr' id='par_1_1' title="bbox 108 241 2136 327">
     <span class='ocr_line' id='line_1_1' title="bbox 108 241 2136 327; baseline -0.001 -2"><span class='ocrx_word' id='word_1_1' title='bbox 108 251 179 326; x_wconf 71' lang='grc'>097</span> <span class='ocrx_word' id='word_1_2' title='bbox 679 242 1117 324; x_wconf 77' lang='lat' dir='ltr'>ttetsrouatttttt</span> <span class='ocrx_word' id='word_1_3' title='bbox 1168 241 1279 322; x_wconf 67' lang='grc' dir='ltr'>[ΑΒ.</span> <span class='ocrx_word' id='word_1_4' title='bbox 1302 243 1388 326; x_wconf 79' lang='grc' dir='ltr'>ΧΠ.</span> <span class='ocrx_word' id='word_1_5' title='bbox 1442 243 1574 327; x_wconf 70' lang='lat' dir='ltr'>lm.</span> <span class='ocrx_word' id='word_1_6' title='bbox 2059 245 2136 326; x_wconf 69' lang='lat'>098</span> 
     </span>
    </p>
   </div>
   <div class='ocr_carea' id='block_1_2' title="bbox 37 415 2136 2242">
    <p class='ocr_par' dir='ltr' id='par_1_2' title="bbox 37 415 2136 2242">
     <span class='ocr_line' id='line_1_2' title="bbox 99 415 2136 518; baseline -0.001 -24"><span class='ocrx_word' id='word_1_7' title='bbox 99 447 164 518; x_wconf 77' lang='lat' dir='ltr'>qne</span> <span class='ocrx_word' id='word_1_8' title='bbox 186 421 586 496; x_wconf 82' lang='lat' dir='ltr'>sniofficiiinemorsit.</span> <span class='ocrx_word' id='word_1_9' title='bbox 634 416 718 494; x_wconf 85' lang='lat' dir='ltr'>Seio</span> <span class='ocrx_word' id='word_1_10' title='bbox 734 421 847 490; x_wconf 87' lang='lat' dir='ltr'>mein</span> <span class='ocrx_word' id='word_1_11' title='bbox 864 417 1090 492; x_wconf 85' lang='lat' dir='ltr'>muneredo·</span> <span class='ocrx_word' id='word_1_12' title='bbox 1142 431 1276 512; x_wconf 82' lang='lat' dir='ltr'>patrem</span> <span class='ocrx_word' id='word_1_13' title='bbox 1308 415 1455 492; x_wconf 86' lang='lat' dir='ltr'>Domini</span> <span class='ocrx_word' id='word_1_14' title='bbox 1493 421 1607 492; x_wconf 84' lang='lat' dir='ltr'>nostri</span> <span class='ocrx_word' id='word_1_15' title='bbox 1643 417 1722 493; x_wconf 82' lang='lat' dir='ltr'>lesu</span> <span class='ocrx_word' id='word_1_16' title='bbox 1751 417 1885 495; x_wconf 83' lang='lat' dir='ltr'>Christi</span> <span class='ocrx_word' id='word_1_17' title='bbox 1914 421 2136 494; x_wconf 84' lang='lat' dir='ltr'>conditorem</span> 
     </span>
     <span class='ocr_line' id='line_1_3' title="bbox 99 519 2136 620; baseline -0.001 -24"><span class='ocrx_word' id='word_1_18' title='bbox 99 525 200 596; x_wconf 87' lang='lat' dir='ltr'>cendi</span> <span class='ocrx_word' id='word_1_19' title='bbox 222 523 375 610; x_wconf 84' lang='lat' dir='ltr'>versari,</span> <span class='ocrx_word' id='word_1_20' title='bbox 400 527 497 620; x_wconf 88' lang='lat' dir='ltr'>quod</span> <span class='ocrx_word' id='word_1_21' title='bbox 513 523 772 614; x_wconf 85' lang='lat' dir='ltr'>longesuperat</span> <span class='ocrx_word' id='word_1_22' title='bbox 785 522 891 592; x_wconf 88' lang='lat' dir='ltr'>etiam</span> <span class='ocrx_word' id='word_1_23' title='bbox 907 534 1089 614; x_wconf 85' lang='lat' dir='ltr'>praestan·</span> <span class='ocrx_word' id='word_1_24' title='bbox 1142 519 1232 592; x_wconf 82' lang='lat' dir='ltr'>cosli</span> <span class='ocrx_word' id='word_1_25' title='bbox 1254 534 1288 594; x_wconf 89' lang='lat' dir='ltr'>et</span> <span class='ocrx_word' id='word_1_26' title='bbox 1309 534 1424 594; x_wconf 84' lang='lat' dir='ltr'>terrae</span> <span class='ocrx_word' id='word_1_27' title='bbox 1445 535 1479 594; x_wconf 90' lang='lat' dir='ltr'>et</span> <span class='ocrx_word' id='word_1_28' title='bbox 1493 519 1669 595; x_wconf 85' lang='lat' dir='ltr'>Ecclesiae</span> <span class='ocrx_word' id='word_1_29' title='bbox 1688 547 1788 606; x_wconf 89' lang='lat' dir='ltr'>suae,</span> <span class='ocrx_word' id='word_1_30' title='bbox 1816 539 1855 596; x_wconf 89' lang='grc' dir='ltr'>ιιι</span> <span class='ocrx_word' id='word_1_31' title='bbox 1869 539 1984 598; x_wconf 81' lang='lat' dir='ltr'>servet</span> <span class='ocrx_word' id='word_1_32' title='bbox 1998 521 2136 595; x_wconf 90' lang='lat' dir='ltr'>incolu-</span> 
     </span>
     <span class='ocr_line' id='line_1_4' title="bbox 96 619 2135 719; baseline 0 -23"><span class='ocrx_word' id='word_1_33' title='bbox 96 627 312 698; x_wconf 87' lang='lat' dir='ltr'>tissimorutn</span> <span class='ocrx_word' id='word_1_34' title='bbox 334 621 523 698; x_wconf 87' lang='lat' dir='ltr'>hominnm</span> <span class='ocrx_word' id='word_1_35' title='bbox 542 623 769 715; x_wconf 87' lang='lat' dir='ltr'>sapientiam,</span> <span class='ocrx_word' id='word_1_36' title='bbox 799 636 835 694; x_wconf 84' lang='lat' dir='ltr'>et</span> <span class='ocrx_word' id='word_1_37' title='bbox 857 646 970 694; x_wconf 89' lang='lat' dir='ltr'>meam</span> <span class='ocrx_word' id='word_1_38' title='bbox 990 621 1090 692; x_wconf 83' lang='lat' dir='ltr'>infir·</span> <span class='ocrx_word' id='word_1_39' title='bbox 1144 645 1216 694; x_wconf 89' lang='lat' dir='ltr'>rues</span> <span class='ocrx_word' id='word_1_40' title='bbox 1231 619 1381 716; x_wconf 88' lang='lat' dir='ltr'>Regiam</span> <span class='ocrx_word' id='word_1_41' title='bbox 1396 622 1450 698; x_wconf 89' lang='lat' dir='ltr'>M.</span> <span class='ocrx_word' id='word_1_42' title='bbox 1466 621 1509 694; x_wconf 90' lang='lat' dir='ltr'>T.</span> <span class='ocrx_word' id='word_1_43' title='bbox 1521 637 1555 696; x_wconf 90' lang='lat' dir='ltr'>et</span> <span class='ocrx_word' id='word_1_44' title='bbox 1567 625 1734 719; x_wconf 84' lang='lat' dir='ltr'>inclytam</span> <span class='ocrx_word' id='word_1_45' title='bbox 1748 623 1922 718; x_wconf 79' lang='lat' dir='ltr'>Reginam</span> <span class='ocrx_word' id='word_1_46' title='bbox 1938 640 1972 700; x_wconf 92' lang='lat' dir='ltr'>et</span> <span class='ocrx_word' id='word_1_47' title='bbox 1985 626 2135 699; x_wconf 88' lang='lat' dir='ltr'>nobilis-</span> 
     </span>
     <span class='ocr_line' id='line_1_5' title="bbox 37 721 2134 822; baseline 0.003 -29"><span class='ocrx_word' id='word_1_48' title='bbox 37 777 42 793; x_wconf 93' lang='lat'><strong>.</strong></span> <span class='ocrx_word' id='word_1_49' title='bbox 98 729 254 800; x_wconf 86' lang='lat' dir='ltr'>mitatem</span> <span class='ocrx_word' id='word_1_50' title='bbox 270 741 450 821; x_wconf 89' lang='lat' dir='ltr'>utcunque</span> <span class='ocrx_word' id='word_1_51' title='bbox 465 749 616 816; x_wconf 67' lang='grc' dir='ltr'><strong>ιςιιοιιο</strong></span> <span class='ocrx_word' id='word_1_52' title='bbox 631 725 840 816; x_wconf 85' lang='lat' dir='ltr'>etdeploro.</span> <span class='ocrx_word' id='word_1_53' title='bbox 873 721 944 796; x_wconf 89' lang='lat' dir='ltr'>Sed</span> <span class='ocrx_word' id='word_1_54' title='bbox 960 725 1090 794; x_wconf 82' lang='lat' dir='ltr'>volun·</span> <span class='ocrx_word' id='word_1_55' title='bbox 1142 723 1249 796; x_wconf 92' lang='lat' dir='ltr'>simos</span> <span class='ocrx_word' id='word_1_56' title='bbox 1271 725 1363 796; x_wconf 83' lang='lat' dir='ltr'>lilios</span> <span class='ocrx_word' id='word_1_57' title='bbox 1383 739 1418 798; x_wconf 91' lang='lat' dir='ltr'>et</span> <span class='ocrx_word' id='word_1_58' title='bbox 1440 725 1547 812; x_wconf 83' lang='lat' dir='ltr'>filias,</span> <span class='ocrx_word' id='word_1_59' title='bbox 1581 741 1615 796; x_wconf 91' lang='lat' dir='ltr'>et</span> <span class='ocrx_word' id='word_1_60' title='bbox 1638 725 1802 816; x_wconf 81' lang='lat' dir='ltr'>Regnum</span> <span class='ocrx_word' id='word_1_61' title='bbox 1832 743 1936 800; x_wconf 87' lang='lat' dir='ltr'>tuum</span> <span class='ocrx_word' id='word_1_62' title='bbox 1965 741 2134 822; x_wconf 83' lang='lat' dir='ltr'>protegat.</span> 
     </span>
     <span class='ocr_line' id='line_1_6' title="bbox 98 823 2135 924; baseline -0.002 -22"><span class='ocrx_word' id='word_1_63' title='bbox 98 843 204 902; x_wconf 79' lang='lat' dir='ltr'>tatem</span> <span class='ocrx_word' id='word_1_64' title='bbox 231 853 346 900; x_wconf 87' lang='lat' dir='ltr'>meam</span> <span class='ocrx_word' id='word_1_65' title='bbox 369 826 447 900; x_wconf 92' lang='lat' dir='ltr'>Deo</span> <span class='ocrx_word' id='word_1_66' title='bbox 469 827 612 920; x_wconf 82' lang='lat' dir='ltr'>probari</span> <span class='ocrx_word' id='word_1_67' title='bbox 643 849 765 918; x_wconf 87' lang='lat' dir='ltr'>spero,</span> <span class='ocrx_word' id='word_1_68' title='bbox 805 825 868 919; x_wconf 85' lang='lat' dir='ltr'>qui</span> <span class='ocrx_word' id='word_1_69' title='bbox 897 827 1003 896; x_wconf 88' lang='lat' dir='ltr'>etiam</span> <span class='ocrx_word' id='word_1_70' title='bbox 1028 847 1090 896; x_wconf 92' lang='lat' dir='ltr'>ore</span> <span class='ocrx_word' id='word_1_71' title='bbox 1146 827 1256 898; x_wconf 85' lang='lat' dir='ltr'>Datae</span> <span class='ocrx_word' id='word_1_72' title='bbox 1273 823 1506 918; x_wconf 86' lang='lat' dir='ltr'>Witebergae</span> <span class='ocrx_word' id='word_1_73' title='bbox 1524 825 1630 898; x_wconf 88' lang='lat' dir='ltr'>Anno</span> <span class='ocrx_word' id='word_1_74' title='bbox 1655 823 1772 914; x_wconf 83' lang='lat'>1552,</span> <span class='ocrx_word' id='word_1_75' title='bbox 1803 831 1861 900; x_wconf 88' lang='lat' dir='ltr'>die</span> <span class='ocrx_word' id='word_1_76' title='bbox 1885 828 2012 924; x_wconf 84' lang='lat' dir='ltr'>quinto</span> <span class='ocrx_word' id='word_1_77' title='bbox 2032 829 2135 914; x_wconf 89' lang='lat' dir='ltr'>Maii,</span> 
     </span>
     <span class='ocr_line' id='line_1_7' title="bbox 96 922 2134 1022; baseline 0.001 -22"><span class='ocrx_word' id='word_1_78' title='bbox 96 930 289 1004; x_wconf 84' lang='lat' dir='ltr'>infantium</span> <span class='ocrx_word' id='word_1_79' title='bbox 320 944 355 1002; x_wconf 86' lang='lat' dir='ltr'>et</span> <span class='ocrx_word' id='word_1_80' title='bbox 379 929 586 1004; x_wconf 75' lang='lat' dir='ltr'>lactentium</span> <span class='ocrx_word' id='word_1_81' title='bbox 620 927 700 998; x_wconf 89' lang='lat' dir='ltr'>vult</span> <span class='ocrx_word' id='word_1_82' title='bbox 732 926 936 998; x_wconf 77' lang='lat' dir='ltr'>celebrari..</span> <span class='ocrx_word' id='word_1_83' title='bbox 970 924 1090 1014; x_wconf 81' lang='lat' dir='ltr'><strong>Quare</strong></span> <span class='ocrx_word' id='word_1_84' title='bbox 1142 953 1213 1022; x_wconf 91' lang='lat' dir='ltr'>quo</span> <span class='ocrx_word' id='word_1_85' title='bbox 1236 941 1318 998; x_wconf 83' lang='lat' dir='ltr'>ante</span> <span class='ocrx_word' id='word_1_86' title='bbox 1341 953 1455 1000; x_wconf 88' lang='lat' dir='ltr'>annos</span> <span class='ocrx_word' id='word_1_87' title='bbox 1477 922 1788 1003; x_wconf 66' lang='lat' dir='ltr'>tarentinensi</span> <span class='ocrx_word' id='word_1_88' title='bbox 1811 927 1989 1004; x_wconf 88' lang='lat' dir='ltr'>Dominus</span> <span class='ocrx_word' id='word_1_89' title='bbox 2013 946 2134 1002; x_wconf 88' lang='lat' dir='ltr'>noster</span> 
     </span>
     <span class='ocr_line' id='line_1_8' title="bbox 97 1024 2134 1124; baseline 0.001 -22"><span class='ocrx_word' id='word_1_90' title='bbox 97 1032 267 1102; x_wconf 88' lang='lat' dir='ltr'>mediocri</span> <span class='ocrx_word' id='word_1_91' title='bbox 295 1031 413 1104; x_wconf 86' lang='lat' dir='ltr'>studio</span> <span class='ocrx_word' id='word_1_92' title='bbox 445 1047 480 1104; x_wconf 89' lang='lat' dir='ltr'>et</span> <span class='ocrx_word' id='word_1_93' title='bbox 502 1055 600 1101; x_wconf 90' lang='lat' dir='ltr'>meae</span> <span class='ocrx_word' id='word_1_94' title='bbox 624 1029 833 1102; x_wconf 75' lang='lat' dir='ltr'>domesticae</span> <span class='ocrx_word' id='word_1_95' title='bbox 854 1024 1031 1098; x_wconf 88' lang='lat' dir='ltr'>Ecclesiae</span> <span class='ocrx_word' id='word_1_96' title='bbox 1055 1038 1090 1096; x_wconf 88' lang='lat' dir='ltr'>et</span> <span class='ocrx_word' id='word_1_97' title='bbox 1144 1025 1239 1100; x_wconf 90' lang='lat' dir='ltr'>lesus</span> <span class='ocrx_word' id='word_1_98' title='bbox 1255 1025 1419 1102; x_wconf 89' lang='lat' dir='ltr'>Christus</span> <span class='ocrx_word' id='word_1_99' title='bbox 1440 1031 1479 1100; x_wconf 88' lang='lat' dir='ltr'>in</span> <span class='ocrx_word' id='word_1_100' title='bbox 1503 1031 1639 1101; x_wconf 89' lang='lat' dir='ltr'>coelum</span> <span class='ocrx_word' id='word_1_101' title='bbox 1663 1027 1885 1124; x_wconf 88' lang='lat' dir='ltr'>triumphans</span> <span class='ocrx_word' id='word_1_102' title='bbox 1899 1033 2134 1124; x_wconf 82' lang='lat' dir='ltr'>magnamul-</span> 
     </span>
     <span class='ocr_line' id='line_1_9' title="bbox 96 1125 2132 1227; baseline 0 -22"><span class='ocrx_word' id='word_1_103' title='bbox 96 1133 261 1227; x_wconf 87' lang='lat' dir='ltr'>publicae</span> <span class='ocrx_word' id='word_1_104' title='bbox 284 1134 325 1203; x_wconf 90' lang='lat' dir='ltr'>iu</span> <span class='ocrx_word' id='word_1_105' title='bbox 348 1135 490 1227; x_wconf 86' lang='lat' dir='ltr'>templis</span> <span class='ocrx_word' id='word_1_106' title='bbox 506 1146 540 1204; x_wconf 90' lang='lat' dir='ltr'>et</span> <span class='ocrx_word' id='word_1_107' title='bbox 554 1132 592 1200; x_wconf 92' lang='lat' dir='ltr'>in</span> <span class='ocrx_word' id='word_1_108' title='bbox 608 1127 739 1202; x_wconf 87' lang='lat' dir='ltr'>scholis</span> <span class='ocrx_word' id='word_1_109' title='bbox 754 1129 952 1202; x_wconf 88' lang='lat' dir='ltr'>doctrinam</span> <span class='ocrx_word' id='word_1_110' title='bbox 968 1125 1088 1198; x_wconf 85' lang='lat' dir='ltr'>Evan-</span> <span class='ocrx_word' id='word_1_111' title='bbox 1141 1129 1293 1202; x_wconf 84' lang='lat' dir='ltr'>titudine</span> <span class='ocrx_word' id='word_1_112' title='bbox 1308 1146 1484 1224; x_wconf 81' lang='lat' dir='ltr'>spectante</span> <span class='ocrx_word' id='word_1_113' title='bbox 1498 1131 1666 1218; x_wconf 86' lang='lat' dir='ltr'>ascendit,</span> <span class='ocrx_word' id='word_1_114' title='bbox 1691 1145 1725 1202; x_wconf 92' lang='lat' dir='ltr'>et</span> <span class='ocrx_word' id='word_1_115' title='bbox 1740 1133 1875 1204; x_wconf 75' lang='lat' dir='ltr'>illustre</span> <span class='ocrx_word' id='word_1_116' title='bbox 1891 1135 2132 1206; x_wconf 88' lang='lat' dir='ltr'>testimonium</span> 
     </span>
     <span class='ocr_line' id='line_1_10' title="bbox 96 1229 2133 1329; baseline 0 -23"><span class='ocrx_word' id='word_1_117' title='bbox 96 1236 179 1327; x_wconf 84' lang='lat' dir='ltr'>gelii</span> <span class='ocrx_word' id='word_1_118' title='bbox 194 1259 371 1329; x_wconf 86' lang='lat' dir='ltr'>propono,</span> <span class='ocrx_word' id='word_1_119' title='bbox 389 1249 424 1306; x_wconf 89' lang='lat' dir='ltr'>et</span> <span class='ocrx_word' id='word_1_120' title='bbox 436 1257 533 1304; x_wconf 90' lang='lat' dir='ltr'>meos</span> <span class='ocrx_word' id='word_1_121' title='bbox 549 1235 593 1304; x_wconf 91' lang='lat' dir='ltr'>ad</span> <span class='ocrx_word' id='word_1_122' title='bbox 612 1256 730 1302; x_wconf 86' lang='lat' dir='ltr'>veram</span> <span class='ocrx_word' id='word_1_123' title='bbox 744 1231 1004 1302; x_wconf 85' lang='lat' dir='ltr'>invocationem</span> <span class='ocrx_word' id='word_1_124' title='bbox 1018 1229 1087 1302; x_wconf 90' lang='lat' dir='ltr'>Dei</span> <span class='ocrx_word' id='word_1_125' title='bbox 1140 1231 1313 1314; x_wconf 88' lang='lat' dir='ltr'>ostendit,</span> <span class='ocrx_word' id='word_1_126' title='bbox 1344 1257 1381 1304; x_wconf 89' lang='lat' dir='ltr'>se</span> <span class='ocrx_word' id='word_1_127' title='bbox 1395 1231 1573 1304; x_wconf 82' lang='lat' dir='ltr'>Ecclesiae</span> <span class='ocrx_word' id='word_1_128' title='bbox 1588 1257 1671 1303; x_wconf 87' lang='lat' dir='ltr'>suae</span> <span class='ocrx_word' id='word_1_129' title='bbox 1687 1235 1909 1306; x_wconf 90' lang='lat' dir='ltr'>redditurum</span> <span class='ocrx_word' id='word_1_130' title='bbox 1924 1259 1997 1308; x_wconf 87' lang='lat' dir='ltr'>esse</span> <span class='ocrx_word' id='word_1_131' title='bbox 2011 1237 2133 1318; x_wconf 84' lang='lat' dir='ltr'>vitam,</span> 
     </span>
     <span class='ocr_line' id='line_1_11' title="bbox 96 1331 2133 1430; baseline 0 -22"><span class='ocrx_word' id='word_1_132' title='bbox 96 1351 130 1408; x_wconf 90' lang='lat' dir='ltr'>et</span> <span class='ocrx_word' id='word_1_133' title='bbox 143 1339 187 1408; x_wconf 88' lang='lat' dir='ltr'>ad</span> <span class='ocrx_word' id='word_1_134' title='bbox 205 1336 412 1430; x_wconf 80' lang='lat' dir='ltr'>disciplinae</span> <span class='ocrx_word' id='word_1_135' title='bbox 430 1333 661 1406; x_wconf 84' lang='lat' dir='ltr'>reverentiam</span> <span class='ocrx_word' id='word_1_136' title='bbox 679 1347 851 1428; x_wconf 84' lang='lat' dir='ltr'>qnantum</span> <span class='ocrx_word' id='word_1_137' title='bbox 869 1355 1010 1424; x_wconf 88' lang='lat' dir='ltr'>possum</span> <span class='ocrx_word' id='word_1_138' title='bbox 1026 1333 1087 1400; x_wconf 83' lang='lat' dir='ltr'>ad-</span> <span class='ocrx_word' id='word_1_139' title='bbox 1140 1346 1175 1404; x_wconf 93' lang='lat' dir='ltr'>et</span> <span class='ocrx_word' id='word_1_140' title='bbox 1194 1331 1234 1404; x_wconf 90' lang='lat' dir='ltr'>in</span> <span class='ocrx_word' id='word_1_141' title='bbox 1256 1333 1319 1406; x_wconf 91' lang='lat' dir='ltr'>illa</span> <span class='ocrx_word' id='word_1_142' title='bbox 1338 1335 1479 1408; x_wconf 89' lang='lat' dir='ltr'>coelesti</span> <span class='ocrx_word' id='word_1_143' title='bbox 1502 1335 1755 1408; x_wconf 89' lang='lat' dir='ltr'>consuetudine</span> <span class='ocrx_word' id='word_1_144' title='bbox 1772 1359 1848 1406; x_wconf 90' lang='lat' dir='ltr'>eam</span> <span class='ocrx_word' id='word_1_145' title='bbox 1866 1359 2003 1430; x_wconf 86' lang='lat' dir='ltr'>semper</span> <span class='ocrx_word' id='word_1_146' title='bbox 2020 1337 2133 1408; x_wconf 86' lang='lat' dir='ltr'>victu-</span> 
     </span>
     <span class='ocr_line' id='line_1_12' title="bbox 97 1431 2132 1530; baseline 0 -20"><span class='ocrx_word' id='word_1_147' title='bbox 97 1439 268 1524; x_wconf 81' lang='lat' dir='ltr'>suefacio,</span> <span class='ocrx_word' id='word_1_148' title='bbox 293 1463 312 1508; x_wconf 85' lang='lat' dir='ltr'>s</span> <span class='ocrx_word' id='word_1_149' title='bbox 328 1438 486 1508; x_wconf 85' lang='lat' dir='ltr'>consiliis</span> <span class='ocrx_word' id='word_1_150' title='bbox 502 1435 652 1530; x_wconf 86' lang='lat' dir='ltr'>publicis</span> <span class='ocrx_word' id='word_1_151' title='bbox 667 1436 819 1504; x_wconf 83' lang='lat' dir='ltr'>libenter</span> <span class='ocrx_word' id='word_1_152' title='bbox 833 1437 966 1504; x_wconf 84' lang='lat' dir='ltr'>absum.</span> <span class='ocrx_word' id='word_1_153' title='bbox 1018 1431 1088 1504; x_wconf 90' lang='lat' dir='ltr'>Nec</span> <span class='ocrx_word' id='word_1_154' title='bbox 1141 1459 1216 1504; x_wconf 91' lang='lat' dir='ltr'>ram</span> <span class='ocrx_word' id='word_1_155' title='bbox 1242 1459 1334 1521; x_wconf 88' lang='lat' dir='ltr'>esse,</span> <span class='ocrx_word' id='word_1_156' title='bbox 1359 1451 1399 1510; x_wconf 92' lang='lat' dir='ltr'>ut</span> <span class='ocrx_word' id='word_1_157' title='bbox 1415 1436 1586 1530; x_wconf 84' lang='lat' dir='ltr'>sapientia</span> <span class='ocrx_word' id='word_1_158' title='bbox 1601 1452 1636 1510; x_wconf 92' lang='lat' dir='ltr'>et</span> <span class='ocrx_word' id='word_1_159' title='bbox 1650 1437 1810 1510; x_wconf 90' lang='lat' dir='ltr'>bonitate</span> <span class='ocrx_word' id='word_1_160' title='bbox 1824 1435 1893 1510; x_wconf 88' lang='lat' dir='ltr'>Dei</span> <span class='ocrx_word' id='word_1_161' title='bbox 1906 1438 1946 1510; x_wconf 92' lang='lat' dir='ltr'>in</span> <span class='ocrx_word' id='word_1_162' title='bbox 1960 1439 2059 1512; x_wconf 91' lang='lat' dir='ltr'>omni</span> <span class='ocrx_word' id='word_1_163' title='bbox 2075 1462 2132 1510; x_wconf 89' lang='lat' dir='ltr'>ae-</span> 
     </span>
     <span class='ocr_line' id='line_1_13' title="bbox 95 1535 1468 1633; baseline 0 -23"><span class='ocrx_word' id='word_1_164' title='bbox 95 1541 170 1633; x_wconf 89' lang='lat' dir='ltr'>ipse</span> <span class='ocrx_word' id='word_1_165' title='bbox 184 1565 317 1612; x_wconf 87' lang='lat' dir='ltr'>novum</span> <span class='ocrx_word' id='word_1_166' title='bbox 333 1541 438 1630; x_wconf 84' lang='lat' dir='ltr'>gigno</span> <span class='ocrx_word' id='word_1_167' title='bbox 454 1537 635 1608; x_wconf 86' lang='lat' dir='ltr'>doctrinae</span> <span class='ocrx_word' id='word_1_168' title='bbox 651 1559 780 1627; x_wconf 84' lang='lat' dir='ltr'>genus,</span> <span class='ocrx_word' id='word_1_169' title='bbox 804 1537 864 1606; x_wconf 88' lang='lat' dir='ltr'>sed</span> <span class='ocrx_word' id='word_1_170' title='bbox 879 1558 1087 1606; x_wconf 87' lang='lat' dir='ltr'>eonsensum</span> <span class='ocrx_word' id='word_1_171' title='bbox 1141 1535 1302 1610; x_wconf 88' lang='lat' dir='ltr'>ternitate</span> <span class='ocrx_word' id='word_1_172' title='bbox 1318 1537 1468 1610; x_wconf 80' lang='lat' dir='ltr'>fruatur.</span> 
     </span>
     <span class='ocr_line' id='line_1_14' title="bbox 97 1635 1089 1734; baseline -0.01 -20"><span class='ocrx_word' id='word_1_173' title='bbox 97 1637 224 1714; x_wconf 87' lang='lat' dir='ltr'>harum</span> <span class='ocrx_word' id='word_1_174' title='bbox 245 1637 502 1723; x_wconf 73' lang='lat' dir='ltr'>Ecclesiam,</span> <span class='ocrx_word' id='word_1_175' title='bbox 536 1663 639 1734; x_wconf 87' lang='lat' dir='ltr'>quem</span> <span class='ocrx_word' id='word_1_176' title='bbox 660 1653 693 1708; x_wconf 90' lang='lat' dir='ltr'>et</span> <span class='ocrx_word' id='word_1_177' title='bbox 710 1635 866 1708; x_wconf 83' lang='lat' dir='ltr'>Danirae</span> <span class='ocrx_word' id='word_1_178' title='bbox 888 1653 922 1708; x_wconf 90' lang='lat' dir='ltr'>et</span> <span class='ocrx_word' id='word_1_179' title='bbox 938 1637 1089 1710; x_wconf 72' lang='lat' dir='ltr'>Sauroni-</span> 
     </span>
     <span class='ocr_line' id='line_1_15' title="bbox 95 1735 1088 1836; baseline -0.009 -20"><span class='ocrx_word' id='word_1_180' title='bbox 95 1769 156 1816; x_wconf 88' lang='lat' dir='ltr'>cee</span> <span class='ocrx_word' id='word_1_181' title='bbox 174 1739 351 1816; x_wconf 77' lang='lat' dir='ltr'>Ecclesiae</span> <span class='ocrx_word' id='word_1_182' title='bbox 364 1743 642 1836; x_wconf 83' lang='lat' dir='ltr'>amplectuntur,</span> <span class='ocrx_word' id='word_1_183' title='bbox 668 1763 806 1832; x_wconf 83' lang='lat' dir='ltr'>sequor.</span> <span class='ocrx_word' id='word_1_184' title='bbox 856 1735 902 1808; x_wconf 89' lang='lat' dir='ltr'>Et</span> <span class='ocrx_word' id='word_1_185' title='bbox 923 1735 1015 1810; x_wconf 86' lang='lat' dir='ltr'>hane</span> <span class='ocrx_word' id='word_1_186' title='bbox 1032 1739 1088 1808; x_wconf 90' lang='lat' dir='ltr'>iu·</span> 
     </span>
     <span class='ocr_line' id='line_1_16' title="bbox 95 1835 1087 1937; baseline -0.006 -21"><span class='ocrx_word' id='word_1_187' title='bbox 95 1847 175 1916; x_wconf 93' lang='lat' dir='ltr'>dico</span> <span class='ocrx_word' id='word_1_188' title='bbox 191 1867 311 1916; x_wconf 82' lang='lat' dir='ltr'>veram</span> <span class='ocrx_word' id='word_1_189' title='bbox 325 1839 549 1937; x_wconf 85' lang='lat' dir='ltr'>Apostolicae</span> <span class='ocrx_word' id='word_1_190' title='bbox 563 1855 598 1912; x_wconf 88' lang='lat' dir='ltr'>et</span> <span class='ocrx_word' id='word_1_191' title='bbox 611 1835 802 1912; x_wconf 81' lang='lat' dir='ltr'>catholicae</span> <span class='ocrx_word' id='word_1_192' title='bbox 818 1835 995 1910; x_wconf 83' lang='lat' dir='ltr'>Ecclesiae</span> <span class='ocrx_word' id='word_1_193' title='bbox 1007 1863 1087 1910; x_wconf 89' lang='lat' dir='ltr'>sen-</span> 
     </span>
     <span class='ocr_line' id='line_1_17' title="bbox 95 1935 1088 2038; baseline -0.006 -20"><span class='ocrx_word' id='word_1_194' title='bbox 95 1946 241 2020; x_wconf 85' lang='lat' dir='ltr'>tentiam</span> <span class='ocrx_word' id='word_1_195' title='bbox 268 1967 364 2034; x_wconf 83' lang='lat' dir='ltr'>esse,</span> <span class='ocrx_word' id='word_1_196' title='bbox 396 1947 434 2014; x_wconf 90' lang='lat' dir='ltr'>in</span> <span class='ocrx_word' id='word_1_197' title='bbox 463 1967 532 2038; x_wconf 82' lang='lat' dir='ltr'>qua</span> <span class='ocrx_word' id='word_1_198' title='bbox 555 1939 710 2012; x_wconf 81' lang='lat' dir='ltr'>Ecclesia</span> <span class='ocrx_word' id='word_1_199' title='bbox 732 1965 814 2012; x_wconf 88' lang='lat' dir='ltr'>vere</span> <span class='ocrx_word' id='word_1_200' title='bbox 836 1935 973 2014; x_wconf 85' lang='lat' dir='ltr'>habitat</span> <span class='ocrx_word' id='word_1_201' title='bbox 993 1942 1088 2012; x_wconf 79' lang='lat' dir='ltr'>lilius</span> 
     </span>
     <span class='ocr_line' id='line_1_18' title="bbox 94 2045 1828 2140; baseline -0.003 -21"><span class='ocrx_word' id='word_1_202' title='bbox 94 2045 178 2132; x_wconf 90' lang='lat' dir='ltr'>Dei,</span> <span class='ocrx_word' id='word_1_203' title='bbox 204 2061 238 2117; x_wconf 90' lang='lat' dir='ltr'>et</span> <span class='ocrx_word' id='word_1_204' title='bbox 256 2071 362 2140; x_wconf 89' lang='lat' dir='ltr'>quam</span> <span class='ocrx_word' id='word_1_205' title='bbox 377 2047 517 2116; x_wconf 86' lang='lat' dir='ltr'>exaudit</span> <span class='ocrx_word' id='word_1_206' title='bbox 533 2058 568 2114; x_wconf 90' lang='lat' dir='ltr'>et</span> <span class='ocrx_word' id='word_1_207' title='bbox 584 2057 710 2119; x_wconf 84' lang='lat' dir='ltr'>servat.</span> <span class='ocrx_word' id='word_1_208' title='bbox 1163 2123 1167 2131; x_wconf 47' lang='grc'><em>,</em></span> <span class='ocrx_word' id='word_1_209' title='bbox 1819 2111 1828 2132; x_wconf 74' lang='grc'><em>,</em></span> 
     </span>
     <span class='ocr_line' id='line_1_19' title="bbox 194 2103 1865 2242; baseline -0.005 -22"><span class='ocrx_word' id='word_1_210' title='bbox 194 2147 307 2220; x_wconf 91' lang='lat' dir='ltr'>Edidi</span> <span class='ocrx_word' id='word_1_211' title='bbox 321 2149 429 2239; x_wconf 91' lang='lat' dir='ltr'>igitur</span> <span class='ocrx_word' id='word_1_212' title='bbox 443 2148 613 2242; x_wconf 89' lang='lat' dir='ltr'>quaedam</span> <span class='ocrx_word' id='word_1_213' title='bbox 628 2169 787 2214; x_wconf 90' lang='lat' dir='ltr'>meorum</span> <span class='ocrx_word' id='word_1_214' title='bbox 801 2145 1024 2238; x_wconf 89' lang='lat' dir='ltr'>scriptorum,</span> <span class='ocrx_word' id='word_1_215' title='bbox 1049 2157 1088 2213; x_wconf 92' lang='grc' dir='ltr'>ιιι</span> <span class='ocrx_word' id='word_1_216' title='bbox 1412 2103 1561 2196; x_wconf 53' lang='lat' dir='ltr'>smil·</span> <span class='ocrx_word' id='word_1_217' title='bbox 1588 2107 1865 2196; x_wconf 64' lang='lat' dir='ltr'><strong><em>cameram·</em></strong></span> 
     </span>
    </p>
   </div>
   <div class='ocr_carea' id='block_1_3' title="bbox 96 2245 2086 2440">
    <p class='ocr_par' dir='ltr' id='par_1_3' title="bbox 96 2245 2086 2440">
     <span class='ocr_line' id='line_1_20' title="bbox 96 2245 2086 2360; baseline -0.006 -38"><span class='ocrx_word' id='word_1_218' title='bbox 96 2263 188 2324; x_wconf 75' lang='lat' dir='ltr'>estet</span> <span class='ocrx_word' id='word_1_219' title='bbox 212 2265 248 2321; x_wconf 93' lang='lat' dir='ltr'>et</span> <span class='ocrx_word' id='word_1_220' title='bbox 269 2273 364 2320; x_wconf 90' lang='lat' dir='ltr'>meae</span> <span class='ocrx_word' id='word_1_221' title='bbox 379 2248 609 2320; x_wconf 81' lang='lat' dir='ltr'>confessionis</span> <span class='ocrx_word' id='word_1_222' title='bbox 627 2247 880 2319; x_wconf 86' lang='lat' dir='ltr'>testimonium.</span> <span class='ocrx_word' id='word_1_223' title='bbox 931 2245 1008 2316; x_wconf 87' lang='lat' dir='ltr'>Etsi</span> <span class='ocrx_word' id='word_1_224' title='bbox 1024 2269 1088 2316; x_wconf 90' lang='lat' dir='ltr'>au-</span> <span class='ocrx_word' id='word_1_225' title='bbox 1209 2285 1295 2360; x_wconf 49' lang='grc' dir='ltr'>ψη,</span> <span class='ocrx_word' id='word_1_226' title='bbox 1308 2285 1342 2342; x_wconf 61' lang='lat'>,4</span> <span class='ocrx_word' id='word_1_227' title='bbox 1355 2283 1464 2344; x_wconf 46' lang='lat' dir='ltr'>emm</span> <span class='ocrx_word' id='word_1_228' title='bbox 1480 2303 1509 2358; x_wconf 79' lang='lat' dir='ltr'>p.</span> <span class='ocrx_word' id='word_1_229' title='bbox 1520 2285 1625 2358; x_wconf 35' lang='lat'>559⁸*</span> <span class='ocrx_word' id='word_1_230' title='bbox 1642 2285 1698 2354; x_wconf 79' lang='lat' dir='ltr'>(ed.</span> <span class='ocrx_word' id='word_1_231' title='bbox 1714 2259 1800 2343; x_wconf 41' lang='lat' dir='ltr'>[gud.</span> <span class='ocrx_word' id='word_1_232' title='bbox 1819 2285 1866 2341; x_wconf 80' lang='lat' dir='ltr'>tib.</span> <span class='ocrx_word' id='word_1_233' title='bbox 1880 2283 1927 2343; x_wconf 49' lang='lat' dir='ltr'>w·</span> <span class='ocrx_word' id='word_1_234' title='bbox 1944 2303 1988 2357; x_wconf 76' lang='lat' dir='ltr'>ep.</span> <span class='ocrx_word' id='word_1_235' title='bbox 2003 2287 2086 2356; x_wconf 42' lang='lat' dir='ltr'>m).</span> 
     </span>
     <span class='ocr_line' id='line_1_21' title="bbox 96 2348 1089 2440; baseline -0.007 -17"><span class='ocrx_word' id='word_1_236' title='bbox 96 2367 164 2423; x_wconf 88' lang='lat' dir='ltr'>tem</span> <span class='ocrx_word' id='word_1_237' title='bbox 182 2353 227 2422; x_wconf 90' lang='lat' dir='ltr'>de</span> <span class='ocrx_word' id='word_1_238' title='bbox 243 2375 379 2422; x_wconf 89' lang='lat' dir='ltr'>summa</span> <span class='ocrx_word' id='word_1_239' title='bbox 395 2351 588 2428; x_wconf 90' lang='lat' dir='ltr'>doctrinae,</span> <span class='ocrx_word' id='word_1_240' title='bbox 615 2372 758 2440; x_wconf 91' lang='lat' dir='ltr'>prorsus</span> <span class='ocrx_word' id='word_1_241' title='bbox 773 2362 814 2418; x_wconf 92' lang='lat' dir='ltr'>ut</span> <span class='ocrx_word' id='word_1_242' title='bbox 829 2348 913 2431; x_wconf 84' lang='lat' dir='ltr'>dixi,</span> <span class='ocrx_word' id='word_1_243' title='bbox 940 2371 1089 2416; x_wconf 90' lang='lat' dir='ltr'>consen-</span> 
     </span>
    </p>
   </div>
   <div class='ocr_carea' id='block_1_4' title="bbox 96 2447 2136 2556">
    <p class='ocr_par' dir='ltr' id='par_1_4' title="bbox 96 2447 2136 2556">
     <span class='ocr_line' id='line_1_22' title="bbox 96 2447 2136 2556; baseline -0.002 -22"><span class='ocrx_word' id='word_1_244' title='bbox 96 2477 171 2526; x_wconf 77' lang='lat' dir='ltr'>sum</span> <span class='ocrx_word' id='word_1_245' title='bbox 195 2447 323 2522; x_wconf 78' lang='lat' dir='ltr'>harum</span> <span class='ocrx_word' id='word_1_246' title='bbox 338 2447 594 2530; x_wconf 76' lang='lat' dir='ltr'>Ecclesiarum,</span> <span class='ocrx_word' id='word_1_247' title='bbox 619 2473 705 2543; x_wconf 74' lang='lat' dir='ltr'>quas</span> <span class='ocrx_word' id='word_1_248' title='bbox 722 2449 924 2532; x_wconf 79' lang='lat' dir='ltr'>nominavi,</span> <span class='ocrx_word' id='word_1_249' title='bbox 950 2473 1089 2543; x_wconf 70' lang='lat' dir='ltr'>sequor,</span> <span class='ocrx_word' id='word_1_250' title='bbox 1142 2449 1367 2532; x_wconf 75' lang='lat' dir='ltr'>Clarissimo</span> <span class='ocrx_word' id='word_1_251' title='bbox 1398 2460 1476 2532; x_wconf 79' lang='lat' dir='ltr'>viro</span> <span class='ocrx_word' id='word_1_252' title='bbox 1502 2455 1703 2532; x_wconf 78' lang='lat' dir='ltr'>eruditione</span> <span class='ocrx_word' id='word_1_253' title='bbox 1725 2467 1756 2548; x_wconf 80' lang='lat' dir='ltr'>et</span> <span class='ocrx_word' id='word_1_254' title='bbox 1779 2457 1908 2530; x_wconf 73' lang='lat' dir='ltr'>virtute</span> <span class='ocrx_word' id='word_1_255' title='bbox 1926 2462 2136 2556; x_wconf 77' lang='lat' dir='ltr'>praestanti</span> 
     </span>
    </p>
   </div>
   <div class='ocr_carea' id='block_1_5' title="bbox 95 2549 2023 2748">
    <p class='ocr_par' dir='ltr' id='par_1_5' title="bbox 95 2549 2023 2748">
     <span class='ocr_line' id='line_1_23' title="bbox 95 2549 2023 2661; baseline -0.01 -33"><span class='ocrx_word' id='word_1_256' title='bbox 95 2573 214 2628; x_wconf 84' lang='lat' dir='ltr'>tamen</span> <span class='ocrx_word' id='word_1_257' title='bbox 234 2553 272 2624; x_wconf 90' lang='lat' dir='ltr'>in</span> <span class='ocrx_word' id='word_1_258' title='bbox 298 2568 393 2624; x_wconf 88' lang='lat' dir='ltr'>tanta</span> <span class='ocrx_word' id='word_1_259' title='bbox 410 2552 654 2642; x_wconf 83' lang='lat' dir='ltr'>magnitudine</span> <span class='ocrx_word' id='word_1_260' title='bbox 670 2575 787 2620; x_wconf 87' lang='lat' dir='ltr'>rernm</span> <span class='ocrx_word' id='word_1_261' title='bbox 803 2549 879 2620; x_wconf 86' lang='lat' dir='ltr'>fieri</span> <span class='ocrx_word' id='word_1_262' title='bbox 895 2565 1024 2642; x_wconf 87' lang='lat' dir='ltr'>potest,</span> <span class='ocrx_word' id='word_1_263' title='bbox 1050 2566 1089 2621; x_wconf 92' lang='lat' dir='ltr'>ut</span> <span class='ocrx_word' id='word_1_264' title='bbox 1256 2555 1499 2634; x_wconf 63' lang='lat' dir='ltr'>[oachim</span> <span class='ocrx_word' id='word_1_265' title='bbox 1523 2554 1644 2636; x_wconf 66' lang='lat' dir='ltr'>Cam,</span> <span class='ocrx_word' id='word_1_266' title='bbox 1662 2559 1790 2661; x_wconf 63' lang='lat' dir='ltr'><em>fram·</em></span> <span class='ocrx_word' id='word_1_267' title='bbox 1805 2583 1874 2632; x_wconf 57' lang='lat'>300</span> <span class='ocrx_word' id='word_1_268' title='bbox 1894 2559 2023 2636; x_wconf 56' lang='lat' dir='ltr'>wi„</span> 
     </span>
     <span class='ocr_line' id='line_1_24' title="bbox 96 2652 1090 2748; baseline -0.004 -22"><span class='ocrx_word' id='word_1_269' title='bbox 96 2657 276 2728; x_wconf 87' lang='lat' dir='ltr'>interdum</span> <span class='ocrx_word' id='word_1_270' title='bbox 298 2655 434 2748; x_wconf 92' lang='lat' dir='ltr'>aliquid</span> <span class='ocrx_word' id='word_1_271' title='bbox 455 2654 574 2722; x_wconf 89' lang='lat' dir='ltr'>minus</span> <span class='ocrx_word' id='word_1_272' title='bbox 590 2652 794 2741; x_wconf 84' lang='lat' dir='ltr'>explicatea</span> <span class='ocrx_word' id='word_1_273' title='bbox 809 2673 866 2719; x_wconf 91' lang='lat' dir='ltr'>me</span> <span class='ocrx_word' id='word_1_274' title='bbox 882 2653 1016 2722; x_wconf 90' lang='lat' dir='ltr'>dictum</span> <span class='ocrx_word' id='word_1_275' title='bbox 1032 2653 1090 2735; x_wconf 89' lang='lat' dir='ltr'>sit,</span> 
     </span>
    </p>
   </div>
   <div class='ocr_carea' id='block_1_6' title="bbox 94 2751 2169 3452">
    <p class='ocr_par' dir='ltr' id='par_1_6' title="bbox 94 2751 2169 3452">
     <span class='ocr_line' id='line_1_25' title="bbox 94 2751 1089 2844; baseline -0.008 -14"><span class='ocrx_word' id='word_1_276' title='bbox 94 2773 134 2830; x_wconf 92' lang='lat' dir='ltr'>ut</span> <span class='ocrx_word' id='word_1_277' title='bbox 160 2759 200 2826; x_wconf 93' lang='lat' dir='ltr'>in</span> <span class='ocrx_word' id='word_1_278' title='bbox 225 2751 291 2826; x_wconf 83' lang='lat' dir='ltr'>hac</span> <span class='ocrx_word' id='word_1_279' title='bbox 312 2755 493 2826; x_wconf 90' lang='lat' dir='ltr'>communi</span> <span class='ocrx_word' id='word_1_280' title='bbox 517 2754 757 2824; x_wconf 89' lang='lat' dir='ltr'>imbecillitate</span> <span class='ocrx_word' id='word_1_281' title='bbox 782 2752 983 2844; x_wconf 83' lang='lat' dir='ltr'>paucissimi</span> <span class='ocrx_word' id='word_1_282' title='bbox 1007 2755 1089 2824; x_wconf 88' lang='lat' dir='ltr'>satis</span> 
     </span>
     <span class='ocr_line' id='line_1_26' title="bbox 96 2847 1087 2943; baseline -0.008 -13"><span class='ocrx_word' id='word_1_283' title='bbox 96 2859 227 2932; x_wconf 88' lang='lat' dir='ltr'>intenti</span> <span class='ocrx_word' id='word_1_284' title='bbox 246 2870 349 2943; x_wconf 89' lang='lat' dir='ltr'>sunt,</span> <span class='ocrx_word' id='word_1_285' title='bbox 380 2872 472 2928; x_wconf 88' lang='lat' dir='ltr'>certe</span> <span class='ocrx_word' id='word_1_286' title='bbox 494 2857 577 2925; x_wconf 91' lang='lat' dir='ltr'>dolo</span> <span class='ocrx_word' id='word_1_287' title='bbox 600 2847 690 2924; x_wconf 85' lang='lat' dir='ltr'>nihil</span> <span class='ocrx_word' id='word_1_288' title='bbox 707 2868 840 2924; x_wconf 87' lang='lat' dir='ltr'>mutare</span> <span class='ocrx_word' id='word_1_289' title='bbox 856 2851 893 2923; x_wconf 94' lang='lat' dir='ltr'>in</span> <span class='ocrx_word' id='word_1_290' title='bbox 909 2856 1087 2924; x_wconf 87' lang='lat' dir='ltr'>communi</span> 
     </span>
     <span class='ocr_line' id='line_1_27' title="bbox 96 2955 1088 3048; baseline -0.006 -16"><span class='ocrx_word' id='word_1_291' title='bbox 96 2961 259 3032; x_wconf 89' lang='lat' dir='ltr'>doctrina</span> <span class='ocrx_word' id='word_1_292' title='bbox 281 2959 390 3032; x_wconf 83' lang='lat' dir='ltr'>volui.</span> <span class='ocrx_word' id='word_1_293' title='bbox 447 2957 568 3048; x_wconf 88' lang='lat' dir='ltr'>Quare</span> <span class='ocrx_word' id='word_1_294' title='bbox 590 2980 728 3048; x_wconf 84' lang='lat' dir='ltr'>semper</span> <span class='ocrx_word' id='word_1_295' title='bbox 748 2969 783 3026; x_wconf 91' lang='lat' dir='ltr'>et</span> <span class='ocrx_word' id='word_1_296' title='bbox 804 2955 933 3048; x_wconf 89' lang='lat' dir='ltr'>scripta</span> <span class='ocrx_word' id='word_1_297' title='bbox 957 2981 1032 3024; x_wconf 90' lang='lat' dir='ltr'>mea</span> <span class='ocrx_word' id='word_1_298' title='bbox 1056 2973 1088 3026; x_wconf 88' lang='lat' dir='ltr'>et</span> 
     </span>
     <span class='ocr_line' id='line_1_28' title="bbox 96 3049 1090 3142; baseline -0.006 -8"><span class='ocrx_word' id='word_1_299' title='bbox 96 3087 150 3134; x_wconf 91' lang='lat' dir='ltr'>me</span> <span class='ocrx_word' id='word_1_300' title='bbox 170 3061 307 3134; x_wconf 92' lang='lat' dir='ltr'>iudicio</span> <span class='ocrx_word' id='word_1_301' title='bbox 327 3049 454 3132; x_wconf 71' lang='lat' dir='ltr'>hirom</span> <span class='ocrx_word' id='word_1_302' title='bbox 470 3055 706 3129; x_wconf 85' lang='lat' dir='ltr'>Ecclesiarum</span> <span class='ocrx_word' id='word_1_303' title='bbox 731 3057 884 3142; x_wconf 83' lang='lat' dir='ltr'>subieci,</span> <span class='ocrx_word' id='word_1_304' title='bbox 916 3071 950 3125; x_wconf 88' lang='lat' dir='ltr'>et</span> <span class='ocrx_word' id='word_1_305' title='bbox 973 3053 1090 3130; x_wconf 90' lang='lat' dir='ltr'>adhuc</span> 
     </span>
     <span class='ocr_line' id='line_1_29' title="bbox 97 3154 1090 3238; baseline -0.008 -2"><span class='ocrx_word' id='word_1_306' title='bbox 97 3163 259 3238; x_wconf 77' lang='lat' dir='ltr'>sublicio.</span> <span class='ocrx_word' id='word_1_307' title='bbox 317 3159 402 3232; x_wconf 91' lang='lat' dir='ltr'>Vult</span> <span class='ocrx_word' id='word_1_308' title='bbox 431 3161 525 3229; x_wconf 91' lang='lat' dir='ltr'>enim</span> <span class='ocrx_word' id='word_1_309' title='bbox 548 3157 643 3227; x_wconf 87' lang='lat' dir='ltr'>Dens</span> <span class='ocrx_word' id='word_1_310' title='bbox 669 3158 707 3226; x_wconf 92' lang='lat' dir='ltr'>in</span> <span class='ocrx_word' id='word_1_311' title='bbox 735 3177 816 3228; x_wconf 81' lang='lat' dir='ltr'>vera</span> <span class='ocrx_word' id='word_1_312' title='bbox 839 3154 995 3228; x_wconf 87' lang='lat' dir='ltr'>Ecclesia</span> <span class='ocrx_word' id='word_1_313' title='bbox 1017 3181 1090 3230; x_wconf 89' lang='lat' dir='ltr'>esse</span> 
     </span>
     <span class='ocr_line' id='line_1_30' title="bbox 95 3258 1091 3350; baseline -0.003 -16"><span class='ocrx_word' id='word_1_314' title='bbox 95 3267 246 3350; x_wconf 87' lang='lat' dir='ltr'>iudicia,</span> <span class='ocrx_word' id='word_1_315' title='bbox 276 3275 316 3334; x_wconf 90' lang='lat' dir='ltr'>ut</span> <span class='ocrx_word' id='word_1_316' title='bbox 337 3261 400 3332; x_wconf 87' lang='lat' dir='ltr'>alii</span> <span class='ocrx_word' id='word_1_317' title='bbox 419 3264 468 3332; x_wconf 86' lang='lat' dir='ltr'>ab·</span> <span class='ocrx_word' id='word_1_318' title='bbox 484 3258 562 3331; x_wconf 85' lang='lat' dir='ltr'>aliis</span> <span class='ocrx_word' id='word_1_319' title='bbox 583 3261 856 3345; x_wconf 82' lang='lat' dir='ltr'>admoneantur,</span> <span class='ocrx_word' id='word_1_320' title='bbox 882 3261 1091 3332; x_wconf 87' lang='lat' dir='ltr'>erudiantur</span> 
     </span>
     <span class='ocr_line' id='line_1_31' title="bbox 96 3347 2169 3452; baseline -0.009 -16"><span class='ocrx_word' id='word_1_321' title='bbox 96 3381 129 3436; x_wconf 89' lang='lat' dir='ltr'>et</span> <span class='ocrx_word' id='word_1_322' title='bbox 146 3365 419 3444; x_wconf 84' lang='lat' dir='ltr'>confirmentur,</span> <span class='ocrx_word' id='word_1_323' title='bbox 442 3377 487 3434; x_wconf 81' lang='lat' dir='ltr'>et</span> <span class='ocrx_word' id='word_1_324' title='bbox 508 3382 675 3450; x_wconf 88' lang='lat' dir='ltr'>magnum</span> <span class='ocrx_word' id='word_1_325' title='bbox 699 3362 839 3452; x_wconf 78' lang='lat' dir='ltr'>pietatis</span> <span class='ocrx_word' id='word_1_326' title='bbox 861 3363 1014 3432; x_wconf 78' lang='lat' dir='ltr'>officium</span> <span class='ocrx_word' id='word_1_327' title='bbox 1039 3375 1091 3432; x_wconf 70' lang='lat' dir='ltr'>est</span> <span class='ocrx_word' id='word_1_328' title='bbox 1243 3353 1326 3420; x_wconf 87' lang='lat' dir='ltr'>Vidi</span> <span class='ocrx_word' id='word_1_329' title='bbox 1346 3347 1717 3446; x_wconf 85' lang='lat' dir='ltr'>pagellasBalticas*)</span> <span class='ocrx_word' id='word_1_330' title='bbox 1734 3365 1899 3420; x_wconf 87' lang='lat' dir='ltr'>recentes.</span> <span class='ocrx_word' id='word_1_331' title='bbox 1951 3347 2020 3422; x_wconf 83' lang='lat' dir='ltr'>Sed</span> <span class='ocrx_word' id='word_1_332' title='bbox 2036 3352 2169 3424; x_wconf 70' lang='lat' dir='ltr'>brevi,</span> 
     </span>
    </p>
   </div>
   <div class='ocr_carea' id='block_1_7' title="bbox 1158 1897 2133 2030">
    <p class='ocr_par' dir='ltr' id='par_1_7' title="bbox 1158 1897 2133 2030">
     <span class='ocr_line' id='line_1_32' title="bbox 1158 1897 2133 2030; baseline -0.003 -54"><span class='ocrx_word' id='word_1_333' title='bbox 1158 1901 1228 1976; x_wconf 81' lang='lat' dir='ltr'>No.</span> <span class='ocrx_word' id='word_1_334' title='bbox 1245 1897 1357 1990; x_wconf 71' lang='lat'><strong>5118.</strong></span> <span class='ocrx_word' id='word_1_335' title='bbox 1562 1969 1566 1978; x_wconf 86' lang='lat'>.</span> <span class='ocrx_word' id='word_1_336' title='bbox 1965 1907 2133 2030; x_wconf 61' lang='lat' dir='ltr'>Q</span> 
     </span>
    </p>
   </div>
   <div class='ocr_carea' id='block_1_8' title="bbox 1147 2003 1357 2040">
    <p class='ocr_par' dir='ltr' id='par_1_8' title="bbox 1147 2003 1357 2040">
     <span class='ocr_line' id='line_1_33' title="bbox 1147 2003 1357 2040; baseline -0.014 -4"><span class='ocrx_word' id='word_1_337' title='bbox 1147 2003 1357 2040; x_wconf 48' lang='lat' dir='ltr'><strong>W</strong></span> 
     </span>
    </p>
   </div>
   <div class='ocr_carea' id='block_1_9' title="bbox 1142 2695 2137 3108">
    <p class='ocr_par' dir='ltr' id='par_1_9' title="bbox 1142 2695 2137 3108">
     <span class='ocr_line' id='line_1_34' title="bbox 1142 2695 2136 2801; baseline -0.004 -17"><span class='ocrx_word' id='word_1_338' title='bbox 1142 2695 1190 2784; x_wconf 75' lang='lat' dir='ltr'>S.</span> <span class='ocrx_word' id='word_1_339' title='bbox 1215 2707 1260 2782; x_wconf 89' lang='lat' dir='ltr'>D.</span> <span class='ocrx_word' id='word_1_340' title='bbox 1309 2707 1587 2782; x_wconf 86' lang='lat' dir='ltr'>Honestissimae</span> <span class='ocrx_word' id='word_1_341' title='bbox 1616 2709 1757 2800; x_wconf 89' lang='lat' dir='ltr'>coniugi</span> <span class='ocrx_word' id='word_1_342' title='bbox 1786 2721 1867 2778; x_wconf 85' lang='lat' dir='ltr'>tuae</span> <span class='ocrx_word' id='word_1_343' title='bbox 1892 2707 1994 2780; x_wconf 87' lang='lat' dir='ltr'>mitto</span> <span class='ocrx_word' id='word_1_344' title='bbox 2017 2714 2136 2801; x_wconf 87' lang='lat' dir='ltr'>pagel-</span> 
     </span>
     <span class='ocr_line' id='line_1_35' title="bbox 1142 2803 2135 2910; baseline 0 -28"><span class='ocrx_word' id='word_1_345' title='bbox 1142 2813 1194 2882; x_wconf 92' lang='lat' dir='ltr'>las</span> <span class='ocrx_word' id='word_1_346' title='bbox 1226 2813 1362 2906; x_wconf 87' lang='lat' dir='ltr'>operis,</span> <span class='ocrx_word' id='word_1_347' title='bbox 1402 2813 1589 2906; x_wconf 87' lang='lat' dir='ltr'>quodiam</span> <span class='ocrx_word' id='word_1_348' title='bbox 1611 2813 1684 2882; x_wconf 87' lang='lat' dir='ltr'>edit</span> <span class='ocrx_word' id='word_1_349' title='bbox 1705 2803 1898 2880; x_wconf 79' lang='lat' dir='ltr'>Iohannes</span> <span class='ocrx_word' id='word_1_350' title='bbox 1923 2807 2135 2910; x_wconf 82' lang='lat' dir='ltr'>Aurisaber.</span> 
     </span>
     <span class='ocr_line' id='line_1_36' title="bbox 1145 2913 2136 3006; baseline 0 -24"><span class='ocrx_word' id='word_1_351' title='bbox 1145 2913 1231 2984; x_wconf 90' lang='lat' dir='ltr'>lnde</span> <span class='ocrx_word' id='word_1_352' title='bbox 1254 2915 1328 3006; x_wconf 90' lang='lat' dir='ltr'>ipse</span> <span class='ocrx_word' id='word_1_353' title='bbox 1350 2915 1507 2985; x_wconf 89' lang='lat' dir='ltr'>iudicare</span> <span class='ocrx_word' id='word_1_354' title='bbox 1528 2913 1659 3006; x_wconf 90' lang='lat' dir='ltr'>poteris</span> <span class='ocrx_word' id='word_1_355' title='bbox 1674 2937 1730 2981; x_wconf 92' lang='lat' dir='ltr'>me</span> <span class='ocrx_word' id='word_1_356' title='bbox 1747 2935 1820 2982; x_wconf 88' lang='lat' dir='ltr'>non</span> <span class='ocrx_word' id='word_1_357' title='bbox 1836 2935 1938 3004; x_wconf 88' lang='lat' dir='ltr'>posse</span> <span class='ocrx_word' id='word_1_358' title='bbox 1954 2915 2136 3005; x_wconf 85' lang='lat' dir='ltr'>expatiarl,</span> 
     </span>
     <span class='ocr_line' id='line_1_37' title="bbox 1143 3001 2137 3108; baseline 0.004 -24"><span class='ocrx_word' id='word_1_359' title='bbox 1143 3015 1206 3085; x_wconf 88' lang='lat' dir='ltr'>etsi</span> <span class='ocrx_word' id='word_1_360' title='bbox 1226 3017 1328 3086; x_wconf 84' lang='lat' dir='ltr'>valde</span> <span class='ocrx_word' id='word_1_361' title='bbox 1351 3018 1464 3108; x_wconf 89' lang='lat' dir='ltr'>cupio.</span> <span class='ocrx_word' id='word_1_362' title='bbox 1522 3007 1727 3086; x_wconf 79' lang='lat' dir='ltr'>Francisco</span> <span class='ocrx_word' id='word_1_363' title='bbox 1751 3001 1906 3085; x_wconf 81' lang='lat' dir='ltr'>Cramio</span> <span class='ocrx_word' id='word_1_364' title='bbox 1927 3015 2069 3108; x_wconf 85' lang='lat' dir='ltr'>scripsi,</span> <span class='ocrx_word' id='word_1_365' title='bbox 2102 3031 2137 3088; x_wconf 94' lang='lat' dir='ltr'>et</span> 
     </span>
    </p>
   </div>
   <div class='ocr_carea' id='block_1_10' title="bbox 1143 3213 2017 3312">
    <p class='ocr_par' dir='ltr' id='par_1_10' title="bbox 1143 3213 2017 3312">
     <span class='ocr_line' id='line_1_38' title="bbox 1143 3213 2017 3312; baseline 0.013 -30"><span class='ocrx_word' id='word_1_366' title='bbox 1143 3243 1261 3289; x_wconf 64' lang='lat' dir='ltr'>asarum</span> <span class='ocrx_word' id='word_1_367' title='bbox 1278 3213 1451 3312; x_wconf 89' lang='lat' dir='ltr'>hospitia,</span> <span class='ocrx_word' id='word_1_368' title='bbox 1477 3232 1511 3289; x_wconf 89' lang='lat' dir='ltr'>et</span> <span class='ocrx_word' id='word_1_369' title='bbox 1525 3217 1676 3288; x_wconf 82' lang='lat' dir='ltr'>familias</span> <span class='ocrx_word' id='word_1_370' title='bbox 1694 3231 1831 3288; x_wconf 89' lang='lat' dir='ltr'>nostras</span> <span class='ocrx_word' id='word_1_371' title='bbox 1848 3231 2017 3308; x_wconf 87' lang='lat' dir='ltr'>protegat.</span> 
     </span>
    </p>
   </div>
   <div class='ocr_carea' id='block_1_11' title="bbox 1145 3111 2243 3206">
    <p class='ocr_par' dir='ltr' id='par_1_11' title="bbox 1145 3111 2243 3206">
     <span class='ocr_line' id='line_1_39' title="bbox 1145 3111 2243 3206; baseline 0 -18"><span class='ocrx_word' id='word_1_372' title='bbox 1145 3117 1257 3188; x_wconf 90' lang='lat' dir='ltr'>Deum</span> <span class='ocrx_word' id='word_1_373' title='bbox 1281 3141 1362 3206; x_wconf 92' lang='lat' dir='ltr'>oro,</span> <span class='ocrx_word' id='word_1_374' title='bbox 1394 3131 1434 3188; x_wconf 87' lang='lat' dir='ltr'>nt</span> <span class='ocrx_word' id='word_1_375' title='bbox 1456 3129 1491 3190; x_wconf 88' lang='lat' dir='ltr'>et</span> <span class='ocrx_word' id='word_1_376' title='bbox 1509 3111 1639 3186; x_wconf 88' lang='lat' dir='ltr'>harum</span> <span class='ocrx_word' id='word_1_377' title='bbox 1662 3115 1848 3205; x_wconf 89' lang='lat' dir='ltr'>regionum</span> <span class='ocrx_word' id='word_1_378' title='bbox 1871 3111 2065 3204; x_wconf 78' lang='lat' dir='ltr'>Ecclesiae,</span> <span class='ocrx_word' id='word_1_379' title='bbox 2096 3142 2136 3190; x_wconf 91' lang='lat' dir='ltr'>ac</span> <span class='ocrx_word' id='word_1_380' title='bbox 2238 3188 2243 3198; x_wconf 81' lang='grc'><em>,</em></span> 
     </span>
    </p>
   </div>
   <div class='ocr_carea' id='block_1_12' title="bbox 96 3446 2266 3548">
    <p class='ocr_par' dir='ltr' id='par_1_12' title="bbox 96 3446 2266 3548">
     <span class='ocr_line' id='line_1_40' title="bbox 96 3446 2266 3548; baseline -0.007 -10"><span class='ocrx_word' id='word_1_381' title='bbox 96 3466 248 3538; x_wconf 90' lang='lat' dir='ltr'>candida</span> <span class='ocrx_word' id='word_1_382' title='bbox 269 3463 477 3537; x_wconf 81' lang='lat' dir='ltr'>admonitio.</span> <span class='ocrx_word' id='word_1_383' title='bbox 538 3461 629 3532; x_wconf 88' lang='lat' dir='ltr'>Cum</span> <span class='ocrx_word' id='word_1_384' title='bbox 653 3478 769 3532; x_wconf 90' lang='lat' dir='ltr'>autem</span> <span class='ocrx_word' id='word_1_385' title='bbox 791 3467 1010 3533; x_wconf 90' lang='lat' dir='ltr'>consuetudo</span> <span class='ocrx_word' id='word_1_386' title='bbox 1035 3465 1090 3544; x_wconf 87' lang='lat' dir='ltr'>sit,</span> <span class='ocrx_word' id='word_1_387' title='bbox 1144 3467 1252 3524; x_wconf 75' lang='lat' dir='ltr'>lolam</span> <span class='ocrx_word' id='word_1_388' title='bbox 1275 3446 1484 3547; x_wconf 74' lang='lat' dir='ltr'>Gorgonem</span> <span class='ocrx_word' id='word_1_389' title='bbox 1508 3447 1735 3536; x_wconf 70' lang='lat' dir='ltr'>habebimus,</span> <span class='ocrx_word' id='word_1_390' title='bbox 1765 3453 1932 3522; x_wconf 79' lang='lat' dir='ltr'>adversus</span> <span class='ocrx_word' id='word_1_391' title='bbox 1953 3475 2058 3546; x_wconf 81' lang='lat' dir='ltr'>quatu</span> <span class='ocrx_word' id='word_1_392' title='bbox 2079 3474 2136 3521; x_wconf 89' lang='lat' dir='ltr'>me</span> <span class='ocrx_word' id='word_1_393' title='bbox 2261 3535 2266 3548; x_wconf 89' lang='lat'><strong>.</strong></span> 
     </span>
    </p>
   </div>
   <div class='ocr_carea' id='block_1_13' title="bbox 55 3547 2136 3960">
    <p class='ocr_par' dir='ltr' id='par_1_13' title="bbox 55 3547 2136 3960">
     <span class='ocr_line' id='line_1_41' title="bbox 93 3547 2136 3658; baseline -0.008 -20"><span class='ocrx_word' id='word_1_394' title='bbox 93 3567 141 3639; x_wconf 87' lang='lat' dir='ltr'>ita</span> <span class='ocrx_word' id='word_1_395' title='bbox 161 3571 268 3638; x_wconf 87' lang='lat' dir='ltr'>edere</span> <span class='ocrx_word' id='word_1_396' title='bbox 285 3565 435 3658; x_wconf 86' lang='lat' dir='ltr'>scripta,</span> <span class='ocrx_word' id='word_1_397' title='bbox 465 3577 506 3634; x_wconf 90' lang='lat' dir='ltr'>ut</span> <span class='ocrx_word' id='word_1_398' title='bbox 521 3564 732 3634; x_wconf 89' lang='lat' dir='ltr'>nominatim</span> <span class='ocrx_word' id='word_1_399' title='bbox 750 3564 928 3658; x_wconf 83' lang='lat' dir='ltr'>aliquibus</span> <span class='ocrx_word' id='word_1_400' title='bbox 951 3565 1090 3655; x_wconf 81' lang='lat' dir='ltr'>publice</span> <span class='ocrx_word' id='word_1_401' title='bbox 1143 3581 1216 3626; x_wconf 86' lang='lat' dir='ltr'>uon</span> <span class='ocrx_word' id='word_1_402' title='bbox 1238 3549 1328 3626; x_wconf 89' lang='lat' dir='ltr'>Orci</span> <span class='ocrx_word' id='word_1_403' title='bbox 1351 3555 1466 3644; x_wconf 80' lang='lat' dir='ltr'>galea,</span> <span class='ocrx_word' id='word_1_404' title='bbox 1487 3555 1549 3626; x_wconf 90' lang='lat' dir='ltr'>sed</span> <span class='ocrx_word' id='word_1_405' title='bbox 1570 3547 1836 3648; x_wconf 76' lang='lat' dir='ltr'>nsptxcpolnc&#39;e</span> <span class='ocrx_word' id='word_1_406' title='bbox 1859 3557 1928 3624; x_wconf 86' lang='grc' dir='ltr'>τοῦ</span> <span class='ocrx_word' id='word_1_407' title='bbox 1952 3549 2136 3650; x_wconf 74' lang='grc' dir='ltr'><strong><em>σωτηρίου</em></strong></span> 
     </span>
     <span class='ocr_line' id='line_1_42' title="bbox 95 3651 2136 3757; baseline -0.006 -19"><span class='ocrx_word' id='word_1_408' title='bbox 95 3670 301 3754; x_wconf 83' lang='lat' dir='ltr'>mittantur,</span> <span class='ocrx_word' id='word_1_409' title='bbox 326 3681 368 3738; x_wconf 89' lang='lat' dir='ltr'>ut</span> <span class='ocrx_word' id='word_1_410' title='bbox 391 3665 463 3737; x_wconf 90' lang='lat' dir='ltr'>sint</span> <span class='ocrx_word' id='word_1_411' title='bbox 489 3666 641 3751; x_wconf 89' lang='lat' dir='ltr'>iudices,</span> <span class='ocrx_word' id='word_1_412' title='bbox 672 3678 735 3735; x_wconf 90' lang='lat' dir='ltr'>aut</span> <span class='ocrx_word' id='word_1_413' title='bbox 754 3677 795 3736; x_wconf 89' lang='lat' dir='ltr'>ut</span> <span class='ocrx_word' id='word_1_414' title='bbox 816 3667 966 3757; x_wconf 89' lang='lat' dir='ltr'>scriptor</span> <span class='ocrx_word' id='word_1_415' title='bbox 991 3689 1089 3736; x_wconf 88' lang='lat' dir='ltr'>suam</span> <span class='ocrx_word' id='word_1_416' title='bbox 1139 3661 1296 3754; x_wconf 63' lang='grc' dir='ltr'><strong>χριστοῦ</strong></span> <span class='ocrx_word' id='word_1_417' title='bbox 1312 3671 1466 3756; x_wconf 77' lang='lat' dir='ltr'>tueatur.</span> <span class='ocrx_word' id='word_1_418' title='bbox 1513 3651 1631 3756; x_wconf 76' lang='lat' dir='ltr'>Hodie</span> <span class='ocrx_word' id='word_1_419' title='bbox 1647 3679 1667 3724; x_wconf 92' lang='lat' dir='ltr'>a</span> <span class='ocrx_word' id='word_1_420' title='bbox 1684 3653 1819 3724; x_wconf 90' lang='lat' dir='ltr'>Danico</span> <span class='ocrx_word' id='word_1_421' title='bbox 1835 3678 1915 3744; x_wconf 89' lang='lat' dir='ltr'>rege</span> <span class='ocrx_word' id='word_1_422' title='bbox 1930 3653 2064 3739; x_wconf 73' lang='lat' dir='ltr'>litteras</span> <span class='ocrx_word' id='word_1_423' title='bbox 2078 3679 2136 3725; x_wconf 89' lang='lat' dir='ltr'>ac·</span> 
     </span>
     <span class='ocr_line' id='line_1_43' title="bbox 96 3755 2135 3860; baseline -0.002 -29"><span class='ocrx_word' id='word_1_424' title='bbox 96 3793 174 3860; x_wconf 70' lang='lat' dir='ltr'>erga</span> <span class='ocrx_word' id='word_1_425' title='bbox 211 3769 294 3840; x_wconf 75' lang='lat' dir='ltr'>illos</span> <span class='ocrx_word' id='word_1_426' title='bbox 333 3767 389 3837; x_wconf 86' lang='lat' dir='ltr'>vel</span> <span class='ocrx_word' id='word_1_427' title='bbox 429 3767 686 3836; x_wconf 71' lang='lat' dir='ltr'>observantiam</span> <span class='ocrx_word' id='word_1_428' title='bbox 721 3766 777 3834; x_wconf 83' lang='lat' dir='ltr'>vel</span> <span class='ocrx_word' id='word_1_429' title='bbox 806 3766 1088 3836; x_wconf 69' lang='lat' dir='ltr'>benevolentiam</span> <span class='ocrx_word' id='word_1_430' title='bbox 1144 3759 1237 3852; x_wconf 75' lang='lat' dir='ltr'>cepi,</span> <span class='ocrx_word' id='word_1_431' title='bbox 1268 3757 1333 3852; x_wconf 90' lang='lat' dir='ltr'>qui</span> <span class='ocrx_word' id='word_1_432' title='bbox 1354 3757 1507 3848; x_wconf 87' lang='lat' dir='ltr'>graviter</span> <span class='ocrx_word' id='word_1_433' title='bbox 1526 3755 1649 3825; x_wconf 83' lang='lat' dir='ltr'>scribit</span> <span class='ocrx_word' id='word_1_434' title='bbox 1670 3780 1705 3824; x_wconf 87' lang='lat' dir='ltr'>se</span> <span class='ocrx_word' id='word_1_435' title='bbox 1723 3755 1894 3825; x_wconf 84' lang='lat' dir='ltr'>editiones</span> <span class='ocrx_word' id='word_1_436' title='bbox 1911 3755 1990 3824; x_wconf 90' lang='lat' dir='ltr'>illas</span> <span class='ocrx_word' id='word_1_437' title='bbox 2001 3757 2135 3847; x_wconf 83' lang='lat' dir='ltr'>impro-</span> 
     </span>
     <span class='ocr_line' id='line_1_44' title="bbox 55 3852 1988 3960; baseline -0.007 -17"><span class='ocrx_word' id='word_1_438' title='bbox 55 3913 61 3926; x_wconf 89' lang='lat'><strong>·</strong></span> <span class='ocrx_word' id='word_1_439' title='bbox 95 3873 273 3942; x_wconf 91' lang='lat' dir='ltr'>ostendat:</span> <span class='ocrx_word' id='word_1_440' title='bbox 300 3891 364 3959; x_wconf 89' lang='lat' dir='ltr'>ego</span> <span class='ocrx_word' id='word_1_441' title='bbox 378 3862 470 3960; x_wconf 82' lang='lat' dir='ltr'>hanc</span> <span class='ocrx_word' id='word_1_442' title='bbox 484 3868 743 3938; x_wconf 88' lang='lat' dir='ltr'>enarrationem</span> <span class='ocrx_word' id='word_1_443' title='bbox 758 3870 801 3936; x_wconf 91' lang='lat' dir='ltr'>ad</span> <span class='ocrx_word' id='word_1_444' title='bbox 818 3863 966 3958; x_wconf 85' lang='lat' dir='ltr'>Regiam</span> <span class='ocrx_word' id='word_1_445' title='bbox 981 3867 1032 3942; x_wconf 86' lang='lat' dir='ltr'>M.</span> <span class='ocrx_word' id='word_1_446' title='bbox 1046 3867 1090 3938; x_wconf 86' lang='lat' dir='ltr'>T.</span> <span class='ocrx_word' id='word_1_447' title='bbox 1144 3867 1238 3934; x_wconf 85' lang='lat' dir='ltr'>bare.</span> <span class='ocrx_word' id='word_1_448' title='bbox 1289 3857 1386 3928; x_wconf 88' lang='lat' dir='ltr'>Bene</span> <span class='ocrx_word' id='word_1_449' title='bbox 1402 3871 1437 3930; x_wconf 92' lang='lat' dir='ltr'>et</span> <span class='ocrx_word' id='word_1_450' title='bbox 1449 3857 1602 3927; x_wconf 82' lang='lat' dir='ltr'>feliciter</span> <span class='ocrx_word' id='word_1_451' title='bbox 1614 3859 1703 3929; x_wconf 83' lang='lat' dir='ltr'>vale.</span> <span class='ocrx_word' id='word_1_452' title='bbox 1754 3853 1868 3926; x_wconf 87' lang='lat' dir='ltr'>Nonis</span> <span class='ocrx_word' id='word_1_453' title='bbox 1886 3852 1988 3956; x_wconf 87' lang='lat' dir='ltr'>Maii.</span> 
     </span>
    </p>
   </div>
   <div class='ocr_carea' id='block_1_14' title="bbox 95 3963 2135 4191">
    <p class='ocr_par' dir='ltr' id='par_1_14' title="bbox 95 3963 2135 4191">
     <span class='ocr_line' id='line_1_45' title="bbox 96 3963 2135 4086; baseline 0 -21"><span class='ocrx_word' id='word_1_454' title='bbox 96 3983 241 4065; x_wconf 57' lang='grc' dir='ltr'>ΡΓΟΡῙΘῙ</span> <span class='ocrx_word' id='word_1_455' title='bbox 265 3963 329 4040; x_wconf 61' lang='lat'>¹¹³⁸</span> <span class='ocrx_word' id='word_1_456' title='bbox 349 3971 443 4062; x_wconf 69' lang='lat' dir='ltr'>ll)sas</span> <span class='ocrx_word' id='word_1_457' title='bbox 464 3989 584 4058; x_wconf 43' lang='lat'>⁰³⁰3&amp;</span> <span class='ocrx_word' id='word_1_458' title='bbox 618 3969 741 4086; x_wconf 71' lang='lat' dir='ltr'>mitto,</span> <span class='ocrx_word' id='word_1_459' title='bbox 779 3981 812 4040; x_wconf 69' lang='lat' dir='ltr'>‘l</span> <span class='ocrx_word' id='word_1_460' title='bbox 847 3983 886 4041; x_wconf 69' lang='lat'>¹¹¹</span> <span class='ocrx_word' id='word_1_461' title='bbox 913 3965 1090 4040; x_wconf 59' lang='lat' dir='ltr'>Eccl‘ssl‘ffi</span> <span class='ocrx_word' id='word_1_462' title='bbox 1243 3989 1459 4072; x_wconf 78' lang='lat' dir='ltr'>Mathest&#39;tts</span> <span class='ocrx_word' id='word_1_463' title='bbox 1489 3993 1611 4064; x_wconf 89' lang='lat' dir='ltr'>scribit</span> <span class='ocrx_word' id='word_1_464' title='bbox 1643 4005 1721 4064; x_wconf 89' lang='lat' dir='ltr'>octo</span> <span class='ocrx_word' id='word_1_465' title='bbox 1748 3995 1938 4070; x_wconf 90' lang='lat' dir='ltr'>continuos</span> <span class='ocrx_word' id='word_1_466' title='bbox 1960 3993 2035 4062; x_wconf 91' lang='lat' dir='ltr'>dies</span> <span class='ocrx_word' id='word_1_467' title='bbox 2057 3993 2135 4064; x_wconf 82' lang='lat' dir='ltr'>atti-</span> 
     </span>
     <span class='ocr_line' id='line_1_46' title="bbox 95 4073 2133 4191; baseline 0 -29"><span class='ocrx_word' id='word_1_468' title='bbox 95 4085 173 4144; x_wconf 66' lang='lat' dir='ltr'>l¹1³0</span> <span class='ocrx_word' id='word_1_469' title='bbox 197 4074 331 4143; x_wconf 61' lang='lat' dir='ltr'>indm</span> <span class='ocrx_word' id='word_1_470' title='bbox 355 4073 481 4162; x_wconf 69' lang='lat' dir='ltr'>⁸0¹&#39;il&#39;ta</span> <span class='ocrx_word' id='word_1_471' title='bbox 506 4093 582 4138; x_wconf 72' lang='lat'>¹⁰⁰³</span> <span class='ocrx_word' id='word_1_472' title='bbox 605 4081 825 4161; x_wconf 60' lang='lat' dir='ltr'>Permfflamv</span> <span class='ocrx_word' id='word_1_473' title='bbox 852 4086 886 4142; x_wconf 68' lang='lat' dir='ltr'>‘l</span> <span class='ocrx_word' id='word_1_474' title='bbox 907 4085 948 4140; x_wconf 72' lang='lat' dir='ltr'>”l</span> <span class='ocrx_word' id='word_1_475' title='bbox 969 4087 1088 4140; x_wconf 58' lang='grc' dir='ltr'>ΟΜ·</span> <span class='ocrx_word' id='word_1_476' title='bbox 1145 4100 1345 4170; x_wconf 75' lang='grc' dir='ltr'><strong>ιιιιᾱιειιοι</strong></span> <span class='ocrx_word' id='word_1_477' title='bbox 1366 4117 1439 4166; x_wconf 87' lang='lat' dir='ltr'>osse</span> <span class='ocrx_word' id='word_1_478' title='bbox 1462 4109 1576 4164; x_wconf 82' lang='lat' dir='ltr'>terrae</span> <span class='ocrx_word' id='word_1_479' title='bbox 1598 4109 1714 4166; x_wconf 92' lang='lat' dir='ltr'>motus</span> <span class='ocrx_word' id='word_1_480' title='bbox 1736 4095 1773 4163; x_wconf 93' lang='lat' dir='ltr'>in</span> <span class='ocrx_word' id='word_1_481' title='bbox 1790 4095 1919 4165; x_wconf 88' lang='lat' dir='ltr'>vicinia</span> <span class='ocrx_word' id='word_1_482' title='bbox 1936 4091 2038 4164; x_wconf 89' lang='lat' dir='ltr'>vallis</span> <span class='ocrx_word' id='word_1_483' title='bbox 2056 4089 2133 4191; x_wconf 67' lang='lat' dir='ltr'>loa}</span> 
     </span>
    </p>
   </div>
   <div class='ocr_carea' id='block_1_15' title="bbox 96 4169 2134 4392">
    <p class='ocr_par' dir='ltr' id='par_1_15' title="bbox 96 4169 2134 4392">
     <span class='ocr_line' id='line_1_47' title="bbox 96 4169 2134 4290; baseline -0.009 -8"><span class='ocrx_word' id='word_1_484' title='bbox 96 4177 194 4260; x_wconf 55' lang='grc' dir='ltr'>Μ’</span> <span class='ocrx_word' id='word_1_485' title='bbox 226 4195 284 4242; x_wconf 69' lang='lat'>¹¹¹²</span> <span class='ocrx_word' id='word_1_486' title='bbox 306 4185 368 4244; x_wconf 65' lang='lat'>¹¹¹⁰</span> <span class='ocrx_word' id='word_1_487' title='bbox 391 4169 523 4290; x_wconf 55' lang='lat' dir='ltr'>Rem,</span> <span class='ocrx_word' id='word_1_488' title='bbox 540 4170 711 4286; x_wconf 56' lang='lat' dir='ltr'>glamlffi</span> <span class='ocrx_word' id='word_1_489' title='bbox 733 4171 827 4259; x_wconf 60' lang='lat' dir='ltr'><strong>le</strong></span> <span class='ocrx_word' id='word_1_490' title='bbox 850 4173 1088 4264; x_wconf 42' lang='lat' dir='ltr'>tranquillini*</span> <span class='ocrx_word' id='word_1_491' title='bbox 1143 4195 1321 4268; x_wconf 74' lang='lat' dir='ltr'>cltimicae.</span> <span class='ocrx_word' id='word_1_492' title='bbox 1358 4195 1516 4270; x_wconf 86' lang='lat' dir='ltr'>Salutem</span> <span class='ocrx_word' id='word_1_493' title='bbox 1532 4209 1616 4288; x_wconf 92' lang='lat' dir='ltr'>opto</span> <span class='ocrx_word' id='word_1_494' title='bbox 1633 4188 1810 4268; x_wconf 86' lang='lat' dir='ltr'>Ecclesiae</span> <span class='ocrx_word' id='word_1_495' title='bbox 1828 4209 1906 4268; x_wconf 90' lang='lat' dir='ltr'>tuae</span> <span class='ocrx_word' id='word_1_496' title='bbox 1922 4195 2134 4266; x_wconf 77' lang='lat' dir='ltr'>domesticae</span> 
     </span>
     <span class='ocr_line' id='line_1_48' title="bbox 97 4268 1725 4392; baseline -0.012 -48"><span class='ocrx_word' id='word_1_497' title='bbox 97 4289 182 4360; x_wconf 89' lang='lat' dir='ltr'>tem,</span> <span class='ocrx_word' id='word_1_498' title='bbox 207 4289 244 4344; x_wconf 91' lang='lat' dir='ltr'>et</span> <span class='ocrx_word' id='word_1_499' title='bbox 259 4271 374 4344; x_wconf 91' lang='lat' dir='ltr'>Deum</span> <span class='ocrx_word' id='word_1_500' title='bbox 391 4296 543 4363; x_wconf 78' lang='lat' dir='ltr'>precari,</span> <span class='ocrx_word' id='word_1_501' title='bbox 568 4284 608 4342; x_wconf 88' lang='lat' dir='ltr'>ut</span> <span class='ocrx_word' id='word_1_502' title='bbox 628 4286 674 4340; x_wconf 84' lang='lat' dir='ltr'>stt</span> <span class='ocrx_word' id='word_1_503' title='bbox 688 4286 854 4362; x_wconf 83' lang='lat' dir='ltr'>perpetue</span> <span class='ocrx_word' id='word_1_504' title='bbox 869 4268 918 4366; x_wconf 80' lang='grc'>*).</span> <span class='ocrx_word' id='word_1_505' title='bbox 1141 4299 1363 4392; x_wconf 50' lang='lat' dir='ltr'>,mulssim</span> <span class='ocrx_word' id='word_1_506' title='bbox 1467 4348 1472 4356; x_wconf 26' lang='grc' dir='ltr'>ι</span> <span class='ocrx_word' id='word_1_507' title='bbox 1722 4316 1725 4324; x_wconf 83' lang='grc'>,</span> 
     </span>
    </p>
   </div>
   <div class='ocr_carea' id='block_1_16' title="bbox 97 4367 2133 5152">
    <p class='ocr_par' dir='ltr' id='par_1_16' title="bbox 97 4367 2133 5152">
     <span class='ocr_line' id='line_1_49' title="bbox 198 4367 1188 4463; baseline -0.004 -17"><span class='ocrx_word' id='word_1_508' title='bbox 198 4372 249 4446; x_wconf 91' lang='lat' dir='ltr'>Ut</span> <span class='ocrx_word' id='word_1_509' title='bbox 279 4375 387 4463; x_wconf 89' lang='lat' dir='ltr'>igitur</span> <span class='ocrx_word' id='word_1_510' title='bbox 419 4373 513 4442; x_wconf 85' lang='lat' dir='ltr'>filius</span> <span class='ocrx_word' id='word_1_511' title='bbox 543 4367 610 4442; x_wconf 90' lang='lat' dir='ltr'>Dei</span> <span class='ocrx_word' id='word_1_512' title='bbox 638 4371 814 4442; x_wconf 86' lang='lat' dir='ltr'>Dominus</span> <span class='ocrx_word' id='word_1_513' title='bbox 845 4388 965 4444; x_wconf 88' lang='lat' dir='ltr'>noster</span> <span class='ocrx_word' id='word_1_514' title='bbox 993 4371 1087 4444; x_wconf 91' lang='lat' dir='ltr'>lesus</span> <span class='ocrx_word' id='word_1_515' title='bbox 1184 4451 1188 4462; x_wconf 29' lang='grc' dir='ltr'>ι</span> 
     </span>
     <span class='ocr_line' id='line_1_50' title="bbox 97 4473 2061 4568; baseline -0.001 -21"><span class='ocrx_word' id='word_1_516' title='bbox 97 4473 259 4548; x_wconf 88' lang='lat' dir='ltr'>Christus</span> <span class='ocrx_word' id='word_1_517' title='bbox 281 4476 320 4544; x_wconf 91' lang='lat' dir='ltr'>in</span> <span class='ocrx_word' id='word_1_518' title='bbox 342 4497 453 4564; x_wconf 86' lang='lat' dir='ltr'>agone</span> <span class='ocrx_word' id='word_1_519' title='bbox 475 4497 540 4544; x_wconf 86' lang='lat' dir='ltr'>suo</span> <span class='ocrx_word' id='word_1_520' title='bbox 564 4485 698 4563; x_wconf 89' lang='lat' dir='ltr'>patrem</span> <span class='ocrx_word' id='word_1_521' title='bbox 719 4485 900 4544; x_wconf 86' lang='lat' dir='ltr'>aeternum</span> <span class='ocrx_word' id='word_1_522' title='bbox 922 4489 1017 4556; x_wconf 89' lang='lat' dir='ltr'>orat,</span> <span class='ocrx_word' id='word_1_523' title='bbox 1048 4491 1088 4547; x_wconf 89' lang='lat' dir='ltr'>ut</span> <span class='ocrx_word' id='word_1_524' title='bbox 2058 4557 2061 4568; x_wconf 33' lang='grc' dir='ltr'>Ι</span> 
     </span>
     <span class='ocr_line' id='line_1_51' title="bbox 98 4560 2129 4660; baseline -0.003 -14"><span class='ocrx_word' id='word_1_525' title='bbox 98 4591 210 4649; x_wconf 82' lang='lat' dir='ltr'>servet</span> <span class='ocrx_word' id='word_1_526' title='bbox 230 4573 442 4660; x_wconf 86' lang='lat' dir='ltr'>Ecclesiam,</span> <span class='ocrx_word' id='word_1_527' title='bbox 473 4573 681 4660; x_wconf 87' lang='lat' dir='ltr'>sanctificet,</span> <span class='ocrx_word' id='word_1_528' title='bbox 706 4598 746 4642; x_wconf 93' lang='lat' dir='ltr'>ac</span> <span class='ocrx_word' id='word_1_529' title='bbox 767 4575 887 4660; x_wconf 83' lang='lat' dir='ltr'>faciat,</span> <span class='ocrx_word' id='word_1_530' title='bbox 911 4589 951 4646; x_wconf 91' lang='lat' dir='ltr'>nt</span> <span class='ocrx_word' id='word_1_531' title='bbox 975 4601 1085 4646; x_wconf 91' lang='lat' dir='ltr'>unum</span> <span class='ocrx_word' id='word_1_532' title='bbox 1145 4560 2129 4646; x_wconf 46' lang='lat' dir='ltr'>ffl-.--....-s,.-.&#39;-..........</span> 
     </span>
     <span class='ocr_line' id='line_1_52' title="bbox 99 4664 2033 4769; baseline 0.001 -20"><span class='ocrx_word' id='word_1_533' title='bbox 99 4679 219 4752; x_wconf 77' lang='lat' dir='ltr'>simus</span> <span class='ocrx_word' id='word_1_534' title='bbox 233 4681 271 4753; x_wconf 90' lang='lat' dir='ltr'>in</span> <span class='ocrx_word' id='word_1_535' title='bbox 296 4678 392 4769; x_wconf 91' lang='lat' dir='ltr'>ipso,</span> <span class='ocrx_word' id='word_1_536' title='bbox 424 4675 474 4744; x_wconf 90' lang='lat' dir='ltr'>sic</span> <span class='ocrx_word' id='word_1_537' title='bbox 495 4697 559 4763; x_wconf 86' lang='lat' dir='ltr'>ego</span> <span class='ocrx_word' id='word_1_538' title='bbox 580 4689 655 4746; x_wconf 89' lang='lat' dir='ltr'>toto</span> <span class='ocrx_word' id='word_1_539' title='bbox 680 4688 820 4765; x_wconf 90' lang='lat' dir='ltr'>pectore</span> <span class='ocrx_word' id='word_1_540' title='bbox 847 4695 925 4760; x_wconf 79' lang='lat' dir='ltr'>ctam</span> <span class='ocrx_word' id='word_1_541' title='bbox 939 4701 1086 4761; x_wconf 53' lang='lat' dir='ltr'>‚stimmo</span> <span class='ocrx_word' id='word_1_542' title='bbox 2029 4664 2033 4679; x_wconf 61' lang='lat'><strong>¹</strong></span> 
     </span>
     <span class='ocr_line' id='line_1_53' title="bbox 98 4760 2107 4868; baseline -0.005 -18"><span class='ocrx_word' id='word_1_543' title='bbox 98 4783 274 4852; x_wconf 86' lang='lat' dir='ltr'>sacerdote</span> <span class='ocrx_word' id='word_1_544' title='bbox 294 4793 414 4850; x_wconf 90' lang='lat' dir='ltr'>nostro</span> <span class='ocrx_word' id='word_1_545' title='bbox 434 4773 592 4854; x_wconf 87' lang='lat' dir='ltr'>Domino</span> <span class='ocrx_word' id='word_1_546' title='bbox 616 4774 694 4846; x_wconf 88' lang='lat' dir='ltr'>lesu</span> <span class='ocrx_word' id='word_1_547' title='bbox 709 4771 850 4846; x_wconf 87' lang='lat' dir='ltr'>Christo</span> <span class='ocrx_word' id='word_1_548' title='bbox 876 4803 1015 4868; x_wconf 82' lang='lat' dir='ltr'>precor,</span> <span class='ocrx_word' id='word_1_549' title='bbox 1047 4796 1085 4850; x_wconf 90' lang='grc' dir='ltr'>ιιι</span> <span class='ocrx_word' id='word_1_550' title='bbox 1141 4769 1335 4848; x_wconf 77' lang='grc' dir='ltr'><strong>Νο.6114.</strong></span> <span class='ocrx_word' id='word_1_551' title='bbox 1409 4779 1414 4792; x_wconf 91' lang='grc'><em>“</em></span> <span class='ocrx_word' id='word_1_552' title='bbox 1945 4760 2107 4840; x_wconf 76' lang='grc' dir='ltr'><strong>’7.Μιίἰ.</strong></span> 
     </span>
     <span class='ocr_line' id='line_1_54' title="bbox 99 4861 2133 4970; baseline -0 -22"><span class='ocrx_word' id='word_1_553' title='bbox 99 4881 136 4950; x_wconf 91' lang='lat' dir='ltr'>in</span> <span class='ocrx_word' id='word_1_554' title='bbox 156 4877 213 4950; x_wconf 89' lang='lat' dir='ltr'>his</span> <span class='ocrx_word' id='word_1_555' title='bbox 229 4879 433 4970; x_wconf 89' lang='lat' dir='ltr'>regionibus</span> <span class='ocrx_word' id='word_1_556' title='bbox 450 4891 485 4947; x_wconf 90' lang='lat' dir='ltr'>et</span> <span class='ocrx_word' id='word_1_557' title='bbox 498 4875 539 4945; x_wconf 88' lang='lat' dir='ltr'>in</span> <span class='ocrx_word' id='word_1_558' title='bbox 554 4873 683 4965; x_wconf 84' lang='lat' dir='ltr'>Regno</span> <span class='ocrx_word' id='word_1_559' title='bbox 700 4890 915 4969; x_wconf 84' lang='lat' dir='ltr'>tuo-semper</span> <span class='ocrx_word' id='word_1_560' title='bbox 929 4877 1084 4950; x_wconf 88' lang='lat' dir='ltr'>Ecclesia</span> <span class='ocrx_word' id='word_1_561' title='bbox 1147 4867 1317 4898; x_wconf 53' lang='grc' dir='ltr'><strong>Μ</strong></span> <span class='ocrx_word' id='word_1_562' title='bbox 1777 4945 1780 4952; x_wconf 87' lang='grc'><em>,</em></span> <span class='ocrx_word' id='word_1_563' title='bbox 1962 4861 2133 4892; x_wconf 51' lang='grc' dir='ltr'><strong>Μ</strong></span> 
     </span>
     <span class='ocr_line' id='line_1_55' title="bbox 101 4972 1778 5076; baseline 0 -26"><span class='ocrx_word' id='word_1_564' title='bbox 101 4982 302 5070; x_wconf 89' lang='lat' dir='ltr'>colligatur,</span> <span class='ocrx_word' id='word_1_565' title='bbox 331 4994 368 5052; x_wconf 87' lang='lat' dir='ltr'>et</span> <span class='ocrx_word' id='word_1_566' title='bbox 389 4992 429 5050; x_wconf 84' lang='lat' dir='ltr'>ut</span> <span class='ocrx_word' id='word_1_567' title='bbox 450 5001 578 5068; x_wconf 40' lang='lat' dir='ltr'>omnes,</span> <span class='ocrx_word' id='word_1_568' title='bbox 589 4979 749 5068; x_wconf 77' lang='lat' dir='ltr'>doctores</span> <span class='ocrx_word' id='word_1_569' title='bbox 766 4979 804 5046; x_wconf 92' lang='lat' dir='ltr'>in</span> <span class='ocrx_word' id='word_1_570' title='bbox 820 4980 867 5068; x_wconf 79' lang='lat' dir='ltr'>eis</span> <span class='ocrx_word' id='word_1_571' title='bbox 888 5004 997 5076; x_wconf 73' lang='lat' dir='ltr'>tipum</span> <span class='ocrx_word' id='word_1_572' title='bbox 1015 4983 1083 5066; x_wconf 73' lang='lat' dir='ltr'>sint</span> <span class='ocrx_word' id='word_1_573' title='bbox 1235 5050 1259 5063; x_wconf 65' lang='grc'>,,</span> <span class='ocrx_word' id='word_1_574' title='bbox 1286 5061 1290 5068; x_wconf 29' lang='lat'><strong>¹</strong></span> <span class='ocrx_word' id='word_1_575' title='bbox 1461 5036 1464 5044; x_wconf 94' lang='lat'>.</span> <span class='ocrx_word' id='word_1_576' title='bbox 1493 4973 1562 5061; x_wconf 87' lang='lat' dir='ltr'>M,</span> <span class='ocrx_word' id='word_1_577' title='bbox 1589 4972 1778 5062; x_wconf 70' lang='lat' dir='ltr'>collino.</span> 
     </span>
     <span class='ocr_line' id='line_1_56' title="bbox 100 5075 1084 5152; baseline 0.004 -4"><span class='ocrx_word' id='word_1_578' title='bbox 100 5081 136 5150; x_wconf 90' lang='lat' dir='ltr'>in</span> <span class='ocrx_word' id='word_1_579' title='bbox 150 5079 238 5152; x_wconf 87' lang='lat' dir='ltr'>Deo.</span> <span class='ocrx_word' id='word_1_580' title='bbox 288 5077 365 5152; x_wconf 91' lang='lat' dir='ltr'>Oro</span> <span class='ocrx_word' id='word_1_581' title='bbox 387 5081 491 5150; x_wconf 88' lang='lat' dir='ltr'>etiam</span> <span class='ocrx_word' id='word_1_582' title='bbox 515 5075 612 5150; x_wconf 91' lang='lat' dir='ltr'>hunc</span> <span class='ocrx_word' id='word_1_583' title='bbox 634 5103 756 5150; x_wconf 87' lang='lat' dir='ltr'>verum</span> <span class='ocrx_word' id='word_1_584' title='bbox 772 5077 887 5150; x_wconf 89' lang='lat' dir='ltr'>Deum</span> <span class='ocrx_word' id='word_1_585' title='bbox 904 5097 1084 5152; x_wconf 90' lang='lat' dir='ltr'>aeternum</span> 
     </span>
    </p>
   </div>
   <div class='ocr_carea' id='block_1_17' title="bbox 1742 4339 2058 4477">
    <p class='ocr_par' dir='ltr' id='par_1_17' title="bbox 1742 4339 2058 4477">
     <span class='ocr_line' id='line_1_57' title="bbox 1742 4339 2058 4477; baseline -0.009 -9"><span class='ocrx_word' id='word_1_586' title='bbox 1742 4395 1837 4472; x_wconf 85' lang='lat' dir='ltr'>Phil.</span> <span class='ocrx_word' id='word_1_587' title='bbox 1858 4393 2032 4477; x_wconf 80' lang='lat' dir='ltr'>Meleutlt.</span> <span class='ocrx_word' id='word_1_588' title='bbox 2053 4339 2058 4348; x_wconf 94' lang='lat'><strong>·</strong></span> 
     </span>
    </p>
   </div>
   <div class='ocr_carea' id='block_1_18' title="bbox 1192 5105 2130 5232">
    <p class='ocr_par' dir='ltr' id='par_1_18' title="bbox 1192 5105 2130 5232">
     <span class='ocr_line' id='line_1_58' title="bbox 1192 5105 2130 5232; baseline -0.002 -32"><span class='ocrx_word' id='word_1_589' title='bbox 1192 5149 1231 5220; x_wconf 46' lang='grc' dir='ltr'><strong>,ι</strong></span> <span class='ocrx_word' id='word_1_590' title='bbox 1253 5142 1295 5213; x_wconf 66' lang='grc' dir='ltr'>ιι,</span> <span class='ocrx_word' id='word_1_591' title='bbox 1310 5147 1478 5232; x_wconf 50' lang='lat' dir='ltr'>‚tempto</span> <span class='ocrx_word' id='word_1_592' title='bbox 1495 5145 1562 5204; x_wconf 72' lang='lat' dir='ltr'>atae</span> <span class='ocrx_word' id='word_1_593' title='bbox 1581 5105 1701 5202; x_wconf 71' lang='lat' dir='ltr'>natat.</span> <span class='ocrx_word' id='word_1_594' title='bbox 1717 5141 1759 5204; x_wconf 82' lang='lat' dir='ltr'>et</span> <span class='ocrx_word' id='word_1_595' title='bbox 1780 5141 1846 5200; x_wconf 72' lang='lat' dir='ltr'>sev.</span> <span class='ocrx_word' id='word_1_596' title='bbox 1872 5143 2002 5204; x_wconf 55' lang='lat' dir='ltr'>saraae,</span> <span class='ocrx_word' id='word_1_597' title='bbox 2032 5143 2065 5198; x_wconf 71' lang='lat' dir='ltr'>st</span> <span class='ocrx_word' id='word_1_598' title='bbox 2087 5143 2130 5215; x_wconf 67' lang='lat' dir='ltr'>ap.</span> 
     </span>
    </p>
   </div>
   <div class='ocr_carea' id='block_1_19' title="bbox 131 5210 1472 5338">
    <p class='ocr_par' dir='ltr' id='par_1_19' title="bbox 131 5210 1472 5338">
     <span class='ocr_line' id='line_1_59' title="bbox 131 5210 1472 5338; baseline -0.014 -32"><span class='ocrx_word' id='word_1_599' title='bbox 131 5265 161 5331; x_wconf 70' lang='lat' dir='ltr'>s)</span> <span class='ocrx_word' id='word_1_600' title='bbox 186 5263 244 5318; x_wconf 80' lang='lat' dir='ltr'>Nisi</span> <span class='ocrx_word' id='word_1_601' title='bbox 269 5283 380 5338; x_wconf 83' lang='lat' dir='ltr'>prorsus</span> <span class='ocrx_word' id='word_1_602' title='bbox 404 5261 488 5319; x_wconf 83' lang='lat' dir='ltr'>lallor</span> <span class='ocrx_word' id='word_1_603' title='bbox 512 5267 595 5320; x_wconf 80' lang='lat' dir='ltr'>verba</span> <span class='ocrx_word' id='word_1_604' title='bbox 623 5263 730 5336; x_wconf 62' lang='lat' dir='ltr'>„Esus</span> <span class='ocrx_word' id='word_1_605' title='bbox 759 5265 839 5316; x_wconf 83' lang='lat' dir='ltr'>&#39;itur</span> <span class='ocrx_word' id='word_1_606' title='bbox 862 5269 1004 5334; x_wconf 75' lang='lat' dir='ltr'>quaedam</span> <span class='ocrx_word' id='word_1_607' title='bbox 1022 5289 1085 5326; x_wconf 65' lang='lat' dir='ltr'>rm.</span> <span class='ocrx_word' id='word_1_608' title='bbox 1240 5211 1306 5270; x_wconf 57' lang='lat' dir='ltr'>mihi</span> <span class='ocrx_word' id='word_1_609' title='bbox 1328 5210 1472 5288; x_wconf 58' lang='lat' dir='ltr'>detemptg,</span> 
     </span>
    </p>
   </div>
   <div class='ocr_carea' id='block_1_20' title="bbox 164 5331 1360 5482">
    <p class='ocr_par' dir='ltr' id='par_1_20' title="bbox 164 5331 1360 5482">
     <span class='ocr_line' id='line_1_60' title="bbox 166 5331 1122 5405; baseline 0.004 -20"><span class='ocrx_word' id='word_1_610' title='bbox 166 5351 234 5386; x_wconf 81' lang='lat' dir='ltr'>rum</span> <span class='ocrx_word' id='word_1_611' title='bbox 255 5332 448 5404; x_wconf 66' lang='lat' dir='ltr'>scriptoruffl</span> <span class='ocrx_word' id='word_1_612' title='bbox 473 5343 526 5388; x_wconf 89' lang='lat' dir='ltr'>etc.</span> <span class='ocrx_word' id='word_1_613' title='bbox 550 5349 636 5405; x_wconf 81' lang='lat' dir='ltr'>osque</span> <span class='ocrx_word' id='word_1_614' title='bbox 660 5331 695 5384; x_wconf 84' lang='lat' dir='ltr'>sd</span> <span class='ocrx_word' id='word_1_615' title='bbox 720 5335 785 5401; x_wconf 79' lang='lat' dir='ltr'>„sl</span> <span class='ocrx_word' id='word_1_616' title='bbox 803 5333 965 5400; x_wconf 64' lang='lat' dir='ltr'>perpetua*</span> <span class='ocrx_word' id='word_1_617' title='bbox 988 5352 1045 5393; x_wconf 85' lang='lat' dir='ltr'>nou</span> <span class='ocrx_word' id='word_1_618' title='bbox 1069 5360 1084 5395; x_wconf 80' lang='lat' dir='ltr'>s</span> <span class='ocrx_word' id='word_1_619' title='bbox 1119 5378 1122 5389; x_wconf 93' lang='lat'>.</span> 
     </span>
     <span class='ocr_line' id='line_1_61' title="bbox 164 5397 1360 5482; baseline 0.001 -26"><span class='ocrx_word' id='word_1_620' title='bbox 164 5401 340 5458; x_wconf 73' lang='lat' dir='ltr'>Metaurum</span> <span class='ocrx_word' id='word_1_621' title='bbox 357 5401 494 5474; x_wconf 79' lang='lat' dir='ltr'>proiecte,</span> <span class='ocrx_word' id='word_1_622' title='bbox 516 5400 563 5456; x_wconf 86' lang='lat' dir='ltr'>sed</span> <span class='ocrx_word' id='word_1_623' title='bbox 582 5419 596 5454; x_wconf 83' lang='grc' dir='ltr'>ι</span> <span class='ocrx_word' id='word_1_624' title='bbox 615 5397 1014 5472; x_wconf 65' lang='grc' dir='ltr'><strong>Μιὶοὴὸμο.ἱπιιιιι.;ῳη,</strong></span> <span class='ocrx_word' id='word_1_625' title='bbox 1118 5438 1123 5454; x_wconf 87' lang='grc'><strong>.</strong></span> <span class='ocrx_word' id='word_1_626' title='bbox 1169 5412 1200 5482; x_wconf 70' lang='lat' dir='ltr'>*J</span> <span class='ocrx_word' id='word_1_627' title='bbox 1220 5408 1360 5466; x_wconf 58' lang='lat' dir='ltr'>Oaiandri,</span> 
     </span>
    </p>
   </div>
   <div class='ocr_carea' id='block_1_21' title="bbox 1142 5341 1343 5355">
    <p class='ocr_par' dir='ltr' id='par_1_21' title="bbox 1142 5341 1343 5355">
     <span class='ocr_line' id='line_1_62' title="bbox 1142 5341 1343 5355; baseline 0.005 -2"><span class='ocrx_word' id='word_1_628' title='bbox 1142 5341 1343 5355; x_wconf 56' lang='lat' dir='ltr'>a*</span> 
     </span>
    </p>
   </div>
   <div class='ocr_carea' id='block_1_22' title="bbox 1439 5475 1517 5554">
    <p class='ocr_par' dir='ltr' id='par_1_22' title="bbox 1439 5475 1517 5554">
     <span class='ocr_line' id='line_1_63' title="bbox 1439 5475 1517 5554; baseline 0.013 -1"><span class='ocrx_word' id='word_1_629' title='bbox 1439 5475 1517 5554; x_wconf 73' lang='grc'>68*</span> 
     </span>
    </p>
   </div>
   <div class='ocr_carea' id='block_1_23' title="bbox 0 0 2342 5808">
    <p class='ocr_par' dir='ltr' id='par_1_23' title="bbox 0 0 2342 5808">
     <span class='ocr_line' id='line_1_64' title="bbox 0 0 2342 5808; baseline 0 0"><span class='ocrx_word' id='word_1_630' title='bbox 0 0 2342 5808; x_wconf 95' lang='lat' dir='ltr'> </span> 
     </span>
    </p>
   </div>
  </div>
 </body>
</html>
