4658 5818
256 242 333 326 766
589 259 593 266 ’
836 235 1274 316 ucisaotaiittu
1325 239 1436 318 ΜΒ.
1460 237 1546 318 xli.
1599 237 1730 320 1661.
2216 243 2282 316 766

203 443 206 455 ·
259 419 345 489 sitae
358 427 458 484 erant
473 413 581 482 irides
597 411 809 496 contrariae,
836 434 925 502 qiiae
938 411 1058 494 minus
1070 403 1251 481 habebant
1303 408 1427 484 dehoc
1445 411 1601 502 periculo
1623 406 1928 508 proposuimus¹).
1979 411 2051 482 Nec
2073 413 2144 482 iani
2168 413 2281 498 procul

259 539 378 589 causas
401 511 560 609 physicas
574 505 626 608 ⁸).
677 513 774 584 Dens
800 513 892 581 adsit
914 513 1038 596 nobis,
1064 527 1099 582 et
1115 513 1249 602 mitiget
1302 516 1400 584 abest
1419 513 1622 588 solstitium.
1674 511 1870 584 Suademus
1893 515 2027 600 igitur,¹
2044 527 2086 582 ut
2107 513 2281 582 differatur

259 617 484 690 calamitates.
533 613 736 688 Bencvale.
786 612 854 682 Die
868 613 929 685 21.
946 611 1084 684 Martii.
1302 615 1491 686 consilium
1508 615 1738 686 demittendo
1757 609 1825 684 hoc
1843 617 2065 684 adolescente
2082 615 2121 682 in
2145 610 2281 703 hocop-

769 709 958 808 Philippus
974 708 1199 787 Melanthon.
1302 718 1444 808 pidum,
1476 717 1590 785 donec
1619 715 1836 800 videbimus,
1869 739 1959 808 quae
1984 717 2029 786 sit
2051 715 2193 786 aestatis
2216 716 2280 782 lor-

845 891 854 908 ,
1303 831 1400 890 tuna.
1438 815 1519 886 Nou
1536 816 1651 884 scribo
1668 818 1713 886 de
1729 829 1828 886 metii
1844 817 2039 901 bellorum;
2066 839 2149 886 nam
2168 818 2212 884 de
2227 839 2280 904 ap-

629 891 683 959 Β*
710 891 878 960 mmm
1223 920 1224 924 ’
1301 918 1475 1010 parilibus
1489 917 1590 1008 plura
1607 917 1684 986 istic
1709 931 1742 986 te
1757 917 1878 987 audire
1897 919 2062 990 arbitror.
2115 915 2186 986 Sed
2208 913 2281 984 liaec

363 1021 397 1090 1.
430 1017 578 1108 Semper
591 1029 642 1086 est
657 1041 774 1086 meum
789 1015 992 1099 consilium,
1019 1027 1059 1086 ut
1073 1009 1250 1085 Ecclesiae
1302 1043 1442 1112 quoque
1459 1015 1553 1089 θεοῦ
1568 1016 1608 1088 tr
1620 1008 1779 1114 γούνασι
1791 1019 1917 1092 κεῖται.
1968 1015 2017 1088 Et
2030 1043 2097 1087 nos
2109 1043 2182 1110 quo
2197 1015 2281 1084 Deus

258 1121 389 1210 eligant
403 1121 654 1208 gubernatores
666 1141 727 1186 seu
735 1113 929 1208 Episcopus
945 1139 984 1184 ex
1001 1129 1102 1186 coetu
1116 1140 1251 1200 eorum,
1302 1133 1336 1191 et
1352 1145 1422 1214 quo
1441 1121 1529 1188 dura
1548 1131 1649 1187 vocat
1664 1121 1825 1204 fortuna,
1850 1143 2047 1212 sequemur.
2088 1117 2280 1190 Dissensio-

259 1223 321 1317 qui
349 1223 449 1312 prius
478 1221 529 1289 ibi
551 1221 590 1287 in
610 1219 815 1287 ministeriis
834 1219 997 1298 fuerunt,
1030 1217 1060 1285 si
1084 1217 1163 1309 quis
1187 1231 1250 1303 cst,
1302 1245 1382 1290 nem
1401 1221 1437 1289 in
1463 1215 1616 1288 Ecclesia
1634 1216 1870 1314 Lubecana²)
1890 1221 2044 1290 sedatam
2066 1245 2140 1288 esse
2160 1221 2280 1308 gaude-

258 1324 322 1416 qui
340 1323 481 1392 videtur
495 1322 663 1404 idonens,
690 1319 771 1412 quia
788 1319 982 1409 plurimum
1000 1319 1105 1388 relect
1121 1321 1249 1407 guber·
1301 1345 1391 1396 miis.
1442 1319 1648 1390 Medebitur
1670 1320 1764 1390 lilius
1780 1320 1847 1392 Dei
1870 1321 1974 1392 etiam
1994 1323 2138 1391 caeteris
2161 1322 2279 1388 nostris

258 1437 418 1494 natorem
436 1445 538 1491 nosse
556 1445 677 1491 sensus
695 1421 824 1490 civium
841 1435 875 1488 et
890 1419 978 1488 ritus
991 1415 1178 1491 Ecclesiae.
1301 1421 1520 1496 vulneribus.
1569 1421 1622 1492 De
1643 1421 1857 1512 inspectore,
1883 1423 1946 1515 qiii
1971 1424 2098 1512 praesit
2114 1418 2280 1490 Ecclesiae

359 1527 396 1595 2.
437 1522 476 1594 Si
506 1522 711 1614 peregrinus
737 1523 959 1614 quaerendus
980 1533 1049 1604 est,
1082 1520 1249 1589 omnibus
1301 1523 1521 1594 Lubeceniae
1544 1523 1703 1591 scribunt
1727 1525 1771 1591 ad
1796 1547 1852 1592 me
1873 1524 1955 1608 alii,
1981 1524 2046 1593 tibi
2068 1535 2107 1592 ut
2131 1517 2281 1591 hortator

259 1625 415 1696 antefero
429 1621 628 1693 Diaconum
648 1623 844 1706 seniorem,
875 1613 1083 1688 Iohannem
1107 1620 1146 1688 in
1161 1619 1248 1688 Zer·
1301 1624 1387 1706 sim,
1411 1637 1450 1694 ut
1467 1623 1534 1692 tibi
1548 1623 1585 1691 id
1601 1645 1691 1691 onus
1708 1623 1844 1714 imponi
1860 1623 1964 1692 sinas.
2016 1623 2087 1694 Sed
2110 1625 2241 1712 opinor
2253 1635 2279 1690 te

258 1741 351 1806 vest,
382 1737 505 1794 natum
531 1747 640 1815 prope
660 1719 879 1806 Northuscn,
906 1722 1006 1790 cuius
1024 1734 1118 1790 aetas
1132 1735 1247 1792 tamen
1301 1726 1405 1792 malle
1422 1726 1460 1792 iii
1478 1722 1665 1794 Academia
1679 1723 1820 1808 ¹vivere,
1845 1725 2010 1817 inquam
2035 1725 2223 1794 accersitus
2245 1747 2279 1794 es

258 1827 453 1898 mediaest.
505 1824 575 1896 Sed
589 1824 721 1917 pietas,
747 1823 917 1900 eruditio,
943 1822 1143 1913 prudentia,
1167 1845 1248 1910 gra·
1304 1824 1437 1896 Vellem
1454 1841 1571 1896 autem
1584 1839 1618 1894 te
1635 1825 1771 1894 senatui
1784 1839 1817 1894 et
1832 1825 2029 1916 pastoribus
2043 1828 2281 1894 commendare

257 1929 366 2012 vitas,
390 1927 581 2010 modestia,
608 1937 728 2016 pectus
743 1925 819 1994 sine
832 1924 1026 1994 ambitione
1048 1935 1249 2016 congruunt
1300 1921 1500 2019 Georgium
1512 1921 1708 2009 Maiorem,
1723 1925 1784 2018 qui
1794 1927 1886 2004 ,etsi
1901 1941 2003 1999 antea
2018 1927 2189 2016 praetulit
2202 1922 2281 1994 Aca-

257 2027 487 2118 gubernatori
507 2023 696 2098 Ecclesiae.
755 2023 827 2095 Nec
850 2025 925 2094 ullo
947 2025 1090 2116 privatu
1109 2025 1246 2094 adiectu
1300 2029 1595 2096 deiniamtalibus
1617 2027 1877 2111 functionibus,
1908 2042 2026 2096 tariien
2052 2051 2148 2096 nunc
2172 2027 2281 2094 miiius

257 2132 297 2199 in
313 2126 418 2198 huius
435 2128 740 2198 commendatione
754 2149 917 2211 moveor,
941 2128 1002 2196 sed
1019 2139 1157 2195 tantum
1173 2127 1248 2194 eius
1300 2154 1319 2198 a
1337 2129 1547 2214 migratione
1563 2122 1741 2200 abhorret.
1782 2123 1920 2196 David
1930 2141 2012 2197 ante
2028 2131 2221 2196 adventum
2240 2127 2282 2194 iui

257 2232 401 2300 virtute.
451 2227 556 2299 Doct.
573 2223 709 2297 Ionam
733 2226 889 2296 fortassis
904 2220 1078 2296 attrahere
1091 2227 1248 2316 possetis.
1300 2230 1474 2298 tabellarii
1490 2231 1556 2298 iter
1571 2228 1748 2316 ingressus
1762 2243 1832 2314 est,
1856 2243 1890 2299 et
1905 2229 2024 2300 literas
2049 2231 2091 2295 ad
2110 2251 2172 2296 vos
2201 2249 2282 2294 meas

257 2331 328 2402 Sed
344 2331 383 2398 in
397 2325 464 2398 hac
478 2343 616 2399 senecta
634 2331 691 2398 viii
704 2342 817 2420 potest
830 2327 967 2397 labores
983 2327 1254 2417 gubernationis
1300 2332 1422 2402 adfert.
1480 2328 1577 2398 Bene
1600 2341 1635 2398 et
1660 2329 1807 2398 feliciter
1832 2331 1921 2404 vale.
1976 2327 2044 2398 Die
2068 2329 2130 2401 25.
2157 2329 2283 2408 Martii,

256 2433 441 2502 sustinere.
493 2427 584 2526 ἔργα
605 2425 721 2512 νέων,
746 2421 883 2522 βουλαί
904 2423 946 2499 de
965 2423 1109 2519 μέσων,
1143 2422 1249 2518 εὐχαί
1299 2455 1370 2524 quo
1386 2431 1479 2498 lilius
1496 2429 1564 2498 Dei
1581 2444 1663 2499 ante
1679 2453 1792 2500 annos
1810 2429 1908 2502 1517
1931 2431 2072 2500 victima
2097 2455 2162 2521 pro
2191 2429 2283 2496 nobis

256 2527 298 2602 de
319 2523 520 2628 γερόντων.
569 2529 695 2620 Cogito
717 2531 822 2599 etiam
845 2531 889 2598 de
909 2521 1069 2623 Georgia
1082 2522 1247 2601 Maiore.
1299 2535 1488 2603 factusest.
1544 2527 1654 2604 1551.

256 2629 423 2702 Erasmo
439 2628 629 2718 Sarcerio,
655 2631 718 2726 qui
732 2629 873 2722 Lipsiae
891 2643 954 2702 est.
1949 2626 2140 2722 Philippus
2156 2628 2242 2699 Mel.

1423 2777 1580 2850 Salutem
1604 2791 1687 2870 opto
1711 2741 1852 2868 collegis
1872 2777 1943 2848 tuis
1967 2777 2194 2861 venerandis,

1349 2877 1393 2952 D.
1412 2875 1577 2960 Britain,
1599 2881 1646 2950 D.
1667 2875 1889 2962 Valentino,
1912 2873 1955 2950 V
1953 2875 2131 2960 incenlio,
2159 2892 2195 2946 et

265 2993 462 3068 Νο.4867.
1080 2999 1245 3068 25.illart.
1349 2983 1503 3052 caeteris.
1562 2979 1719 3050 Salutem
1748 2982 1849 3048 vobis
1874 2981 2193 3066 uiiiiiihiisoptant

263 3093 473 3128 Μ
761 3158 769 3178 ,
1348 3079 1392 3154 D.
1410 3075 1811 3174 Georgiusitlaiaat).
1821 3075 2043 3164 Milichias,
2059 3079 2102 3152 D.
2115 3075 2158 3148 V
2157 3077 2191 3146 i-

588 3151 916 3272 [Attrtfadro.
986 3241 988 3246 ,
1350 3192 1409 3251 tiis
1431 3173 1707 3254 Wnsliemiim.
1759 3181 1892 3254 lterum
1913 3181 2001 3256 vale.

323 3317 346 3390 †
364 3317 401 3371 Ei
413 3335 507 3389 apogr.
522 3316 549 3370 in
565 3313 628 3370 coil.
642 3313 726 3370 Pacis.
744 3311 780 3366 D.
794 3309 826 3366 L.
840 3311 904 3365 Sil.

253 3467 475 3547 Iohanni
513 3466 795 3568 Aurisabro,
835 3463 995 3538 Ductori
1017 3461 1245 3562 Theologiae

500 3573 559 3671 (in
580 3565 695 3645 Aaou.
714 3561 993 3664 Rostocliiana)
1300 3527 1510 3659 Q
1903 3557 1906 3565 '
2125 3533 2283 3652 2Q

255 3711 305 3799 S.
334 3721 379 3798 D.
436 3717 647 3794 Reverende
671 3735 706 3791 ct
724 3717 902 3788 carissime
923 3717 1042 3792 irater.
1105 3713 1182 3787 Etsi
1204 3743 1245 3786 eii
1584 3732 1829 3817 Valentino
1853 3728 2007 3814 Kone,

252 3825 420 3896 fatalibus
443 3823 556 3894 causis
580 3835 615 3892 et
634 3836 778 3913 propter
802 3813 1243 3888 multoshoiiiinumluro-
1827 3883 1834 3898 ‚
1910 3883 1917 3898 ,
1978 3881 1984 3894 ‚
2016 3881 2023 3896 ,

1365 3891 1389 3961 †
1407 3889 1443 3942 Es
1457 3887 1612 3962 apographo
1633 3887 1696 3942 cod.
1710 3887 1768 3953 51,
1788 3903 1834 3954 qui
1852 3893 1891 3938 eit
1910 3902 1938 3935 iii
1955 3879 2121 3935 Bibliotheca
2140 3883 2184 3938 St.
2197 3881 2283 3935 Geno-

254 3950 310 3998 ω
332 3937 445 3994 ruunt
469 3925 634 4016 imperia,
661 3935 781 3994 tamen
805 3917 979 3989 filiusnei
1001 3932 1035 3989 el
1052 3915 1243 3988 Ecclesiam
1397 3955 1745 4014 rerseLutetiisPsriiior.
1781 3952 1923 4022 Descripta
1937 3949 2282 4006 ausisset-rimantis

135 4041 137 4046 ’
199 4014 200 4018 “
255 4040 290 4096 et
322 4025 444 4117 aliqua
479 4024 721 4110 doctrinarum
761 4017 915 4112 hospitia
948 4033 1150 4090 servaturus
1184 4033 1245 4104 est,

254 4151 360 4220 quein
384 4148 467 4208 oro,
498 4137 539 4193 ut
562 4137 595 4192 et
615 4146 677 4192 vos
697 4123 775 4192 istic
797 4135 830 4192 et
847 4144 911 4192 nos
927 4121 1117 4191 clementer
1133 4137 1244 4190 servet
1296 4103 1509 4180 Reverendo
1536 4107 1612 4178 viro
1638 4101 1692 4178 D·
1724 4101 1768 4178 V
1768 4131 1793 4176 a
1803 4099 1900 4174 len!
1909 4099 1926 4170 ι’
1932 4127 1958 4170 n
1985 4098 2135 4172 Korle
2163 4097 2284 4170 Eccle-

254 4243 288 4300 et
312 4227 496 4318 gubernet.
551 4220 731 4292 Hactenus
757 4216 946 4290 mediocria
973 4217 1032 4292 liic
1061 4223 1243 4292 literaiuiii
1295 4210 1374 4282 siae
1399 4207 1478 4280 Dei
1500 4205 1705 4278 doctrinam
1732 4243 1780 4261 -
1807 4199 1972 4274 tradenti
1986 4202 2024 4271 in
2045 4199 2193 4298 inclyia
2208 4199 2284 4273 urbs

254 4329 371 4402 studia
394 4329 557 4408 suerunt,
593 4336 627 4394 et
651 4313 796 4392 Paulus
823 4317 968 4390 Eberus
1000 4347 1075 4391 nori
1108 4335 1243 4392 recusat
1480 4304 1652 4394 lubeca,
1677 4303 1797 4377 amico
1820 4329 1887 4375 δυο
1911 4301 2116 4378 σπη’-πίω.

253 4427 441 4520 gratificari
465 4428 541 4496 Vim
560 4419 828 4506 h⁰¹¹‘³l¹⁵⁸¹‘¹¹⁰’
852 4417 1245 4492 Hermaanl’m'
1299 4447 1582 4528 Reverendevir
1603 4467 1638 4523 et
1659 4451 1769 4522 amice
1792 4449 1980 4523 carissime.
2031 4445 2099 4518 Dei
2117 4449 2280 4518 beneficio

254 4531 322 4616 sid
334 4527 484 4648 ‘ulfkill‘
502 4539 655 4644 vestrum
674 4526 788 4594 Vllum
805 4532 873 4640 ‘fl’
904 4523 947 4592 ad
967 4523 1070 4591 fidem
1088 4535 1242 4640 ¹3⁰Jlr³¹f¹
1296 4581 1363 4627 vox
1377 4557 1416 4624 iii
1430 4551 1597 4624 Ecclesiis
1613 4567 1647 4623 et
1664 4553 1702 4622 in
1718 4545 1849 4621 scholis
1863 4553 1983 4620 eadem
1998 4563 2051 4619 est
2067 4550 2111 4618 de
2127 4551 2282 4620 doctrina

251 4645 447 4726 pertinere,
480 4641 520 4698 ut
540 4629 737 4696 indicemus
761 4624 862 4693 vobis
878 4635 1015 4692 nostras
1030 4621 1244 4692 sollicitiidi-
1295 4655 1500 4746 Evangelii,
1527 4679 1633 4748 quam
1655 4651 1771 4740 legffi,
1797 4653 1837 4718 pn
1856 4651 1986 4720 nomi,
2010 4651 2171 4742 scripti„
2200 4671 2281 4742 quae

253 4757 326 4807 Μ’
366 4727 535 4800 N⁰¹¹dum
553 4721 1244 4816 hicvagarifflm‘lglaPeffilemiaeme‘
1297 4758 1433 4829 totiain
1452 4755 1616 4825 annosin
1638 4751 1803 4822 manibus
1826 4764 1911 4820 sunt
1935 4749 2075 4842 piorum
2100 4763 2134 4820 et
2155 4749 2279 4820 indicio

252 4847 402 4930 perurit,
441 4829 653 4945 sedutamen
686 4839 764 4916 post
789 4825 999 4906 solstitium,
1036 4847 1117 4940 cum
1140 4833 1244 4894 e'ruiit
1296 4850 1619 4948 Lumerppmbm
1641 4863 1735 4927 ,unp
1786 4849 1858 4922 Nec
1883 4874 1946 4940 ego
1969 4872 2128 4944 unquam
2152 4871 2279 4920 novum

252 4931 421 5006 contrarii
448 4943 582 5022 positus
605 4925 749 4998 Saturni
774 4941 808 4996 et
826 4923 973 5010 Martis,
1007 4925 1243 5016 pestilentiam

251 5037 464 5118 melnimus’
497 5029 580 5126 qnia
608 5027 904 5146 “emflayeleza
928 5027 1058 5096 &milia
1081 5025 1244 5144 auimld‘
1331 5076 1359 5146 1)
1378 5073 1551 5142 ldcarmen,
1572 5071 1650 5126 cuius
1667 5077 1763 5126 auctor
1784 5064 1964 5150 esscdicitui·
1982 5067 2145 5123 stainam
2170 5071 2281 5125 colens

253 5161 353 5208 versa
368 5147 471 5224 sunt,
493 5146 589 5204 uter
603 5153 758 5236 carmine
773 5127 966 5218 intelliges,
990 5127 1088 5222 quod
1103 5127 1244 5219 pubhce
1362 5141 1604 5280 piipapupppui,
1629 5137 1728 5211 tegrini
1752 5136 1782 5192 tri
1800 5135 1915 5208 serpit·
1938 5139 2040 5208 postte.
2059 5136 2146 5196 Ant.
2168 5135 2280 5192 wios.

285 5309 313 5378 ⁰)
337 5309 400 5364 vid.
417 5311 603 5366 narrationem
619 5279 672 5364 liic
690 5305 724 5362 ds
740 5321 770 5362 rs
787 5304 817 5363 in
834 5303 913 5382 epist.
931 5319 1014 5377 qum
1033 5311 1146 5360 muru
1162 5301 1244 5360 bui·
1327 5297 1356 5369 2)
1375 5297 1421 5359 Sis
1440 5293 1484 5348 hle
1505 5307 1599 5366 ⁸9⁰8&
1621 5289 1715 5356 hlbtlt
1730 5287 1812 5362 pudo
1832 5285 2095 5361 postabubrecniae.
2131 5287 2182 5345 Est
2200 5289 2278 5362 oppi-

323 5378 364 5434 tio
383 5376 516 5435 dedimus.
550 5430 554 5438 ,
1363 5365 1430 5421 ilum
1444 5359 1563 5420 uuae
