4616 5812
55 233 118 310 so
235 335 241 345 x
590 224 1206 318 ammonebant-uto:
1233 223 1300 306 xc
1353 223 1486 307 cate
1956 165 2075 314 'aaa

55 421 163 482 centes:
187 417 344 498 agentem
365 403 623 497 poeniteutiam
643 427 719 473 non
741 401 872 474 debere
885 399 1028 474 dubita
1072 399 1275 479 laciendum
1298 409 1368 480 est.
1404 399 1490 492 quia
1518 401 1703 492 posteritas
1727 395 1911 476 in-multis
1932 421 2078 480 conuo-

54 535 99 594 re‚
121 533 161 580 au
176 508 363 600 recipiatur
376 507 415 576 in
431 507 598 598 gratiam,
625 507 687 575 sed
704 525 904 596 repugnare
922 504 1027 575 dubi-
1073 503 1198 576 versiis
1236 501 1457 587 iudicandis,
1498 503 1808 594 interpretationes
1851 509 2078 601 superiorum

54 611 156 684 tationi
180 611 216 678 in
238 610 453 703 pavoribus,
480 623 515 680 et
531 609 696 694 eluctari,
720 633 761 677 ac
781 608 850 677 fide
864 620 1028 694 statuere,
1073 619 1245 700 tanquam
1268 605 1506 677 confessiones
1526 619 1560 676 et
1574 601 1752 678 Ecclesiae
1775 609 1928 696 iudicia,
1953 611 2077 706 inqui-

54 739 81 784 sc
100 713 200 805 recipi
217 713 256 782 iu
278 713 439 802 gratiam.
490 708 546 782 Ac
568 709 849 804 iubctSynodus
864 733 1028 801 perseve-
1073 709 1134 782 rit.
1185 706 1243 780 Sit
1258 705 1367 796 igitur
1383 707 1626 800 interpretatio
1644 735 1743 795 vera,
1770 713 1971 804 perspicua,
1997 713 2076 805 pla·

53 839 113 886 rare
133 811 291 884 homines
313 814 352 882 in
375 813 614 898 dubitatione,
641 826 677 883 et
699 808 791 881 hanc
816 813 1028 904 interpreta—
1074 834 1140 891 ua,
1166 809 1244 879 sine
1263 809 1514 898 ambignitate,
1540 823 1580 880 ut
1601 824 1770 906 tanquam
1794 839 1877 903 vera
1901 813 2075 886 consessio

53 919 164 988 tionem
180 916 327 1004 adfingit
342 916 437 988 dicto
454 914 675 1000 Salomonis;
703 912 824 984 Nescit
839 907 966 998 homo,
980 935 1027 982 an
1074 926 1233 1006 posteros
1246 911 1386 984 erudiat
1403 925 1437 982 et
1452 913 1646 984 confirmet.

53 1042 152 1088 amore
171 1018 227 1086 vel
245 1017 329 1088 odio
352 1017 481 1108 dignus
503 1018 559 1092 sit.
611 1015 681 1086 Hic
695 1040 796 1090 error
812 1015 952 1110 Synodi
965 1016 1029 1086 de·
1177 1011 1301 1106 ltaque
1318 1005 1608 1084 extareLatlaerc'
1620 1017 1892 1088 commentarios
1908 1019 1998 1090 utile
2011 1032 2076 1104 est,

52 1122 88 1190 let
106 1116 284 1208 Evangelii
309 1121 531 1212 praecipuam
554 1131 590 1188 et
612 1118 794 1210 propriam
818 1119 1029 1200 doctrinam,
1076 1117 1159 1210 quia
1177 1128 1212 1185 et
1229 1116 1410 1186 illustrant
1430 1112 1656 1207 propheticos
1673 1131 1706 1189 et
1720 1121 1932 1211 apostolicos
1953 1121 2076 1208 libros,
2133 1150 2140 1163 ·

51 1222 155 1292 adimit
182 1222 460 1294 consolationem
492 1221 562 1313 piis
594 1221 777 1292 mentibus
796 1233 832 1290 et
855 1221 1030 1310 extinguit
1076 1233 1111 1290 et
1127 1218 1363 1288 consessiones
1378 1217 1454 1288 eius
1470 1219 1655 1290 continent
1669 1223 1713 1290 de
1728 1223 1893 1292 universa
1910 1223 2077 1294 doctrina

52 1323 301 1396 invocationem.
351 1321 425 1404 Nec
436 1346 521 1394 vero
536 1323 650 1394 deluit
662 1323 716 1392 illi
731 1323 847 1394 coetui
863 1322 1029 1392 eruditio.
1074 1317 1263 1394 Ecclesiae.
1316 1317 1459 1408 Quanta
1482 1322 1576 1390 enim
1600 1322 1709 1394 fuecit
1731 1324 1808 1394 eius
1824 1313 2011 1396 dexteritas
2038 1325 2077 1394 in

51 1424 106 1496 Sed
126 1419 313 1510 Monachi,
344 1425 601 1496 fascinationis
624 1424 929 1518 persuasionibus,
954 1447 1030 1494 cer·
1075 1421 1389 1512 interpretatione,
1415 1424 1607 1512 prudentes
1623 1425 1726 1494 facile
1741 1425 1899 1496 iudicare
1915 1439 2076 1518 possunt,

52 1549 119 1594 aare
139 1527 252 1596 lucem
274 1526 434 1596 veritatis
456 1527 605 1612 nolunt,
629 1527 713 1621 quia
735 1521 913 1596 humanae
929 1549 1030 1594 men·
1075 1525 1281 1616 praesertim
1306 1524 1445 1594 collatis
1469 1524 1623 1596 aliorum
1647 1527 1944 1598 enarrationibus.
1994 1524 2077 1598 Scio

51 1639 92 1696 tes
117 1629 267 1698 naturali
299 1629 433 1700 iudicio
459 1629 644 1715 dubitant,
678 1653 725 1700 an
746 1625 824 1698 Deo
855 1629 1030 1720 placeant,
1075 1623 1282 1696 Erasmum
1305 1622 1587 1698 Roterodamum
1610 1628 1756 1698 solitum
1784 1629 1920 1714 dicere,
1953 1625 2078 1700 Nemi-
2169 1620 2171 1627 ¹

51 1730 232 1820 praesertim
249 1754 331 1800 cum
344 1731 489 1802 videant
506 1727 597 1802 hanc
610 1731 776 1802 miseram
791 1731 955 1802 natura'm
971 1730 1029 1798 in·
1075 1755 1159 1800 nem
1180 1751 1254 1798 esse
1276 1728 1506 1818 interpretem
1529 1729 1763 1800 dexteriorem
1784 1733 1965 1816 omnium,
1986 1755 2077 1824 quo-

51 1831 189 1920 gentibus
221 1833 482 1904 calamitatibus
508 1847 689 1904 oneratam
717 1857 802 1906 esse.
855 1831 941 1902 Ideo
964 1855 1030 1902 au·
1074 1857 1156 1902 rum
1170 1843 1292 1900 extant
1307 1828 1428 1901 literae
1446 1843 1526 1922 post
1543 1827 1746 1923 Apostolos.
1797 1829 1846 1904 Et
1863 1831 2076 1924 audiviipse

52 1946 105 2000 tem
125 1934 310 2023 promissio
332 1934 456 2004 divina
477 1935 573 2006 edita
596 1949 665 2020 est,
688 1949 728 2006 ut
749 1929 836 2004 huic
856 1934 1029 2022 imagina-
1075 1933 1250 2024 sapientes
1271 1944 1306 2002 et
1328 1955 1450 2022 graves
1473 1933 1587 2016 viros,
1613 1957 1653 2004 ac
1674 1936 1874 2006 doctrinam
1897 1931 2078 2006 Ecclesiae

52 2033 123 2102 tioni
136 2049 352 2127 opponatur,
371 2051 406 2108 et
424 2038 610 2126 agentibus
627 2036 883 2128 poenitentiam
898 2036 1029 2105 volun·
1075 2035 1331 2124 intelligentes,
1363 2034 1459 2104 idem
1484 2036 1528 2102 de
1548 2026 1719 2106 Lulhero
1749 2038 1968 2128 praedicare,
2001 2035 2076 2113 Nec

53 2149 92 2203 tas
102 2133 163 2205 Dei
179 2151 276 2206 certo
294 2151 378 2208 nota
394 2139 450 2208 sit.
480 2187 485 2196 -
502 2137 602 2228 Quid
620 2139 765 2210 interest
786 2138 880 2208 inter
894 2131 1028 2206 Ethni-
1075 2137 1225 2207 obscura
1248 2159 1303 2206 res
1325 2147 1396 2218 est,
1421 2136 1594 2206 iudicium
1611 2149 1645 2206 et
1659 2141 1849 2209 candorem
1867 2140 1904 2206 in
1923 2138 2075 2208 lectione

53 2259 96 2304 cos
113 2251 143 2308 et
159 2235 374 2323 Ecclesiam,
399 2239 430 2309 si
450 2253 656 2331 perpetuam
680 2241 718 2308 in
739 2241 906 2308 omnibus
920 2239 1028 2308 dubi·
1073 2233 1271 2308 adhibenti.
1322 2233 1375 2306 Ac
1390 2251 1431 2307 nt
1446 2239 1490 2307 de
1507 2237 1674 2310 laudibus
1688 2240 1842 2332 ingenii,
1869 2225 2096 2329 diligentiae‘
2162 2238 2167 2248 ’

51 2338 192 2407 tationem
215 2363 291 2410 esse
312 2355 470 2432 oportet,
496 2343 526 2411 si
552 2343 664 2412 deleta
688 2342 924 2434 promissione
947 2353 1028 2410 tan-
1074 2353 1110 2410 et
1125 2340 1324 2412 studiorum
1341 2339 1452 2428 ipsius
1467 2363 1542 2409 non
1558 2340 1693 2428 dicam,
1722 2367 1801 2414 cum
1818 2341 1992 2412 divinitus
2015 2366 2076 2410 ex-

52 2451 109 2508 tnn
125 2465 241 2510 vocem
258 2441 345 2530 legis
360 2444 572 2514 audiemus?
615 2441 689 2514 Nec
708 2443 875 2538 Synodus
887 2455 1027 2512 tanturn
1074 2443 1201 2512 citatus
1216 2441 1323 2510 lecerit
1339 2442 1383 2510 ad
1405 2443 1660 2512 restituendam
1678 2444 1860 2516 doctrinae
1883 2444 2076 2535 puritatem

53 2536 227 2612 Salomonis
245 2544 352 2612 verba
371 2545 560 2636 depravat,
585 2547 645 2614 sed
669 2546 873 2616 universam
895 2543 1028 2616 doctri·
1073 2545 1113 2614 iu
1135 2539 1313 2628 Ecclesia,
1337 2543 1460 2612 multis
1480 2545 1625 2616 dotibus
1651 2547 1844 2617 instructus
1869 2545 1958 2631 fuit,
1984 2569 2076 2638 quae

52 2662 114 2708 nam
128 2643 168 2710 de
185 2645 325 2714 iusticia
341 2645 539 2719 fideidelet.
592 2644 699 2716 Tales
717 2647 1026 2738 interpretationes
1073 2645 1287 2714 necessariae
1301 2657 1385 2714 sunt
1401 2645 1555 2742 docenti.
1607 2645 1735 2719 Pactus
1753 2661 1827 2718 erat
1848 2649 1978 2724 ardens
1999 2661 2076 2717 stu-

13 2803 14 2808 ,
53 2743 207 2816 manifeste
231 2759 428 2836 pugnantes
448 2752 528 2816 crim
542 2745 758 2838 Evangelio,
780 2750 812 2817 si
828 2749 950 2818 valere·
961 2773 1026 2818 vo·
1073 2749 1139 2832 dio¹
1160 2749 1393 2816 illustrandae
1415 2747 1548 2836 gloriae
1574 2745 1662 2830 Dei,
1698 2763 1731 2820 et
1752 2751 1928 2820 iuvandae
1948 2747 2075 2821 Eccle-

52 2839 123 2928 lent,
142 2860 180 2916 ut
202 2848 358 2918 iudicata
378 2849 417 2916 in
441 2847 621 2940 Imperiis,
646 2865 792 2942 propter
809 2850 939 2940 regiam
962 2873 1027 2920 au·
1072 2851 1162 2929 siae,
1187 2863 1229 2919 ut
1254 2873 1336 2918 vera
1361 2849 1586 2922 invocatione
1602 2851 1699 2922 Deus
1726 2853 1912 2926 coleretur.
1962 2849 2075 2940 Lege-

53 2945 219 3033 taritatem,
246 2961 420 3043 quantum
437 2951 576 3020 sceleris
593 2950 685 3021 erit?
734 2947 787 3020 Ac
802 2973 941 3044 possem
956 2950 1026 3020 alia
1074 2966 1130 3022 rat
1144 2950 1303 3034 assidue,
1326 2963 1366 3032 ut
1384 2975 1489 3020 nemo
1504 2953 1616 3039 alius,
1643 2948 1867 3044 propheticos
1882 2965 1918 3024 et
1931 2967 2076 3044 aposto-

53 3043 155 3118 similia
170 3051 328 3141 exempla
347 3051 512 3132 recitare,
535 3077 633 3122 nunc
647 3077 689 3124 eo
708 3063 846 3124 tantum
869 3047 954 3122 hacc
969 3077 1027 3122 re·
1074 3055 1162 3122 licos
1190 3053 1322 3136 libros,
1363 3064 1398 3122 et
1433 3066 1592 3124 veterum
1626 3057 1788 3126 omnium
1819 3055 2073 3128 enarrationes.

53 3151 165 3234 censui,
197 3165 239 3222 ut
263 3153 454 3222 discrimen
481 3155 698 3224 iudiciorum
721 3155 760 3222 in
789 3153 966 3247 Imperiis,
992 3167 1027 3226 et
1072 3153 1146 3226 Nec
1162 3155 1262 3224 rudis
1280 3167 1355 3224 erat
1379 3155 1582 3244 linguarum
1598 3153 1820 3227 Ebraicaeet
1837 3153 2015 3242 Graecae,
2040 3169 2076 3226 et

52 3245 330 3326 incontroversiis
344 3257 528 3324 doctrinae
543 3257 808 3340 consideretur,
833 3270 867 3326 et
884 3269 923 3326 ut
939 3281 1026 3347 pru·
1074 3258 1200 3326 eximia
1219 3270 1295 3326 erat
1316 3257 1459 3327 solertia
1483 3257 1522 3326 in
1544 3258 1734 3330 iudicanda
1752 3254 1884 3350 phrasi.
1933 3257 2075 3332 Hause-

52 3347 144 3421 dantia
173 3350 385 3426 adhibeatur
409 3362 447 3426 in
474 3358 730 3428 diiudicatione
763 3359 1027 3450 interpretatio·
1074 3371 1127 3427 rat
1143 3357 1224 3446 ergo
1242 3383 1283 3426 ex
1296 3359 1457 3430 lontibus
1471 3361 1654 3432 doctrinae
1671 3385 1862 3447 summam,
1888 3357 1936 3432 Et
1951 3363 2075 3452 cogni-

52 3471 134 3536 tum,
157 3480 246 3548 quae
267 3473 466 3549 congruant
481 3483 561 3529 cum
579 3461 757 3546 lontibus,
779 3451 1026 3555 'quaedisscn-
1074 3461 1208 3530 tionem
1233 3461 1376 3529 alebant
1397 3474 1430 3530 et
1460 3462 1715 3533 confirmabant
1743 3464 1905 3534 exercitia
1929 3464 2013 3534 fidei
2039 3479 2075 3536 et

53 3549 138 3640 lianc
1075 3562 1311 3638 invocationis
1326 3562 1363 3631 in
1379 3562 1502 3632 multis
1514 3564 1683 3656 periculis
1699 3578 1734 3634 et
1745 3565 1965 3635 difficillimis
1982 3566 2074 3635 dcli-

124 3655 259 3728 Multae
292 3673 411 3731 extant
436 3661 793 3734 commonefactiones
816 3658 1026 3748 Oratorum,
1073 3663 1330 3736 berationibus.
1390 3662 1443 3734 Ac
1465 3665 1510 3733 ad
1531 3661 1774 3757 propheticam
1792 3681 1826 3738 et
1842 3653 2072 3760 apostolicam

52 3775 118 3868 qttae
128 3758 247 3832 iubent
262 3783 456 3851 congruere
473 3788 596 3834 vocem
604 3763 726 3853 Legis,
743 3781 778 3837 et
791 3789 913 3835 vocem
928 3765 1025 3834 ludi·
1072 3766 1262 3838 lectionem
1285 3765 1490 3845 accedebat,
1515 3779 1557 3836 ut
1577 3767 1629 3838 ibi
1649 3765 1765 3838 Deum
1788 3770 1992 3864 loquentem
2008 3795 2073 3842 au·
2092 3809 2097 3822 .

53 3875 88 3969 tls
98 3856 130 3926 in
141 3863 397 3948 gubernatione
412 3867 576 3954 politica,
590 3889 629 3936 ac
638 3862 896 3938 Demosthenes
908 3863 1024 3936 hone·
1072 3869 1182 3952 diret,
1208 3881 1243 3938 et
1265 3867 1383 3957 agnita
1398 3865 1466 3938 Dei
1488 3869 1670 3940 voluntate
1695 3871 1734 3940 in
1757 3873 1835 3964 ipsa
1848 3897 1935 3942 voce
1948 3873 2080 3942 divina

53 3959 210 4030 ttnsimam
227 3967 441 4035 sententiam
455 3966 599 4038 Solonis
613 3981 751 4052 narrat,
775 3993 857 4038 cum
880 3969 1023 4060 capitali
1070 3970 1317 4062 acquiesceret.
1368 3967 1538 4041 Sumebat
1570 3971 1679 4061 igitur
1710 3996 1753 4042 ex
1784 3997 1867 4044 vera
1898 3977 2074 4046 sermonis

54 4061 199 4147 supplicio
223 4067 436 4136 adliciantur
458 4063 515 4149 hi,
547 4069 609 4162 qui
628 4069 840 4140 nomismata
860 4093 1024 4141 corrum—
1071 4072 1329 4159 signiiicatione
1362 4073 1575 4141 sententiam
1608 4097 1717 4144 unam
1742 4090 1778 4148 et
1807 4077 1964 4163 lirmam,
1996 4101 2071 4147 non

52 4173 136 4244 punt,
155 4167 266 4238 multo
289 4167 469 4256 digniores
492 4193 565 4238 esse
579 4193 691 4260 poena
709 4193 787 4253 eos,
809 4172 871 4264 qni
887 4171 1022 4262 Legum
1071 4173 1271 4262 adtingebat
1310 4172 1514 4263 peregrinas
1553 4177 1758 4252 sententias.
1824 4177 1949 4273 ltaque
1990 4203 2072 4250 cum

53 4267 242 4352 unuptetas
267 4270 477 4358 excogitant.
528 4267 720 4340 Acverum
741 4287 810 4356 est,
835 4295 909 4342 rem
926 4273 1024 4343 iniu-
1069 4297 1218 4364 magnae
1241 4275 1281 4344 in
1302 4271 1460 4344 Ecclesia
1481 4278 1648 4348 tenebrae
1669 4291 1803 4358 essent,
1823 4295 1857 4350 et
1872 4281 1933 4350 lux
1946 4275 2071 4351 Evan-

54 4369 163 4436 sumet
176 4368 410 4457 perniciosam
432 4395 506 4440 esse
528 4372 627 4441 civili
649 4367 840 4444 hominum
863 4375 1021 4447 societati
1070 4377 1154 4466 gelii
1179 4399 1344 4468 oppressa
1370 4390 1458 4447 esset
1473 4373 1673 4469 sophisticis
1689 4376 1902 4474 labyrinthis
1918 4380 2072 4455 Se'nten-

54 4455 146 4578 legum
158 4469 457 4559 depravationem.
508 4471 579 4544 Sed
597 4474 862 4562 inlinitumest,
888 4492 1022 4570 quanto
1070 4480 1276 4565 tiariorum,
1307 4479 1559 4571 superstitione
1581 4478 1855 4552 Canonistarnm
1879 4496 1914 4554 et
1937 4477 2071 4555 Mona-

54 4581 145 4634 natus
157 4583 188 4638 et
200 4571 436 4661 perniciosius
446 4574 560 4643 scelus
568 4589 638 4660 est,
657 4577 930 4648 decretadivina
942 4603 1024 4649 mn·
1069 4575 1239 4682 chorum,
1264 4595 1299 4652 et
1320 4582 1428 4650 variis
1453 4581 1632 4652 idolorum
1653 4583 1825 4664 cultibus,
1850 4585 1926 4675 ipse
1945 4609 2072 4657 accen·

55 4669 124 4744 lare,
140 4665 251 4740 Deum
268 4673 484 4744 contumelia
506 4675 672 4762 adlicere,
696 4679 871 4748 abducere
886 4693 1023 4750 mentes
1070 4705 1130 4752 sus
1150 4681 1341 4765 divinitus,
1366 4683 1566 4751 doctrinam
1591 4685 1813 4772 emendavit,
1838 4699 1872 4758 et
1892 4687 2071 4758 revocavit

54 4751 209 4879 bominum
226 4775 271 4842 ab
282 4774 460 4863 agnitione
470 4773 633 4860 veriDci‚
648 4778 770 4848 iubere
786 4794 827 4850 ut
842 4805 1022 4850 commen·
1068 4779 1264 4853 Ecclesiam
1289 4785 1333 4852 ad
1355 4785 1492 4865 fontes,
1515 4785 1671 4856 ostendit
1693 4785 1799 4878 Legis
1823 4801 1858 4858 et
1881 4785 2068 4879 Evangelii

55 4871 114 4934 tacta
125 4866 272 4984 humina
290 4875 521 4962 invocentur,
538 4890 580 4949 ut
594 4874 743 4950 Ethnici
759 4883 910 4952 subinde
928 4907 1021 4953 nova
1069 4883 1278 4968 discrimen,
1303 4885 1467 4976 patefecit
1488 4885 1663 4957 iusticiam
1678 4887 1760 4958 fidei
1766 4939 1779 4975 ,
1805 4888 1948 4960 sustulit
1969 4913 2070 4961 orro-

56 4983 173 5040 numna
190 4977 451 5082 excogitabant,
476 4990 511 5048 et
525 4979 647 5051 multis
669 4981 737 5051 iam
756 4985 883 5055 seculis
904 5009 1021 5076 popu·
1068 5007 1124 5054 res
1141 4986 1323 5054 doctrinae
1339 4988 1384 5056 de
1397 4988 1633 5078 poenitentia,
1657 4989 1819 5060 distinxit
1835 5013 1937 5060 veros
1951 4991 2069 5064 cultus

57 5057 98 5130 lus
111 5070 148 5186 ab
160 5068 361 5148 hominibus
377 5079 530 5150 mortuis
543 5103 647 5174 opem
664 5083 850 5174 implorat,
886 5099 920 5154 et
936 5084 1020 5155 Mo·
1067 5083 1135 5156 Dei
1151 5101 1185 5156 et
1199 5081 1405 5181 hypocrisin
1428 5089 1665 5161 traditionum
1681 5085 1938 5180 humanarum,
1961 5117 2068 5166 mou-

57 5161 136 5236 uachr
162 5177 308 5248 subinde
335 5203 449 5250 novos
479 5177 570 5252 ritus
597 5183 839 5261 instituerunt.
898 5185 1019 5274 Quare
1067 5189 1192 5276 stravit
1221 5213 1327 5260 usum
1355 5205 1674 5274 sacramentomm,
1708 5215 1798 5287 quae
1819 5193 1993 5266 divinitus
2009 5197 2068 5266 in-

59 5281 163 5343 unna
179 5299 256 5384 cura
272 5281 411 5352 nativae
426 5283 621 5354 sententiae
636 5290 858 5377 quaerendae
881 5303 917 5360 et
931 5290 1018 5358 reti·
1066 5289 1187 5360 stituta
1200 5305 1295 5363 sunt.
1327 5289 1492 5386 Denique
1506 5294 1745 5364 consessiones
1760 5295 1874 5367 edidit
1888 5298 1934 5368 de
1948 5300 2066 5370 omni·

17 5487 19 5496 y
59 5371 164 5443 ncndae
178 5394 276 5462 sunt,
302 5385 399 5478 quod
416 5407 457 5456 co
476 5385 586 5457 etiam
605 5387 749 5460 fidelius
767 5402 802 5462 et
822 5389 1015 5462 studiosius
1065 5392 1134 5464 bus
1156 5393 1339 5466 doctrinae
1362 5394 1554 5486 capitibus,
1576 5419 1664 5494 quas
1683 5409 1800 5468 extare
1820 5399 1864 5469 ad
1879 5399 2066 5494 posterita-
