4654 5816
661 167 678 208 ι

60 284 127 366 dld

56 451 263 532 Clarissimo
284 455 362 526 edre
376 493 423 514 ·-
441 493 491 512 -
514 452 567 532 D.
591 455 879 551 Hieronymo
900 449 1035 526 Bom-

55 567 178 655 gortn
188 581 204 628 a
214 581 279 645 ro,
303 555 483 628 Senatori
497 555 660 654 inclytae
674 556 778 628 tarbis
793 555 1036 654 Ilbrr'bergne,

323 683 391 730 stro
411 659 534 732 antico
556 659 751 762 cerismmtt
818 695 822 708 ·

56 799 95 884 S.
114 807 155 884 D·
202 807 324 884 Audio
342 803 505 886 Raram
523 839 628 917 quern
648 837 763 910 nuper
778 800 1034 896 commendavi,

57 913 178 1006 publica
202 913 415 986 liberalitate
435 915 504 984 iam
528 913 594 985 ali:
626 939 692 1006 pro
715 939 786 1009 qun
808 909 979 992 beneficio
1001 927 1033 984 et

56 1014 145 1107 Reip.
160 1029 193 1086 et
206 1015 274 1086 tibi
287 1017 417 1106 gratias
431 1041 508 1107 ago,
533 1043 574 1088 ac
587 1013 703 1086 Deum
720 1039 798 1096 oro,
824 1028 864 1086 ut
879 1013 1033 1084 vicissim

56 1117 142 1186 robis
154 1117 368 1203 benefaciat,
388 1132 429 1189 ut
444 1117 559 1189 titios
570 1115 638 1188 Det
656 1117 793 1212 inquit.
820 1111 864 1196 dc
873 1109 949 1187 idat
965 1139 1033 1187 rto·

55 1213 126 1310 ιίσῃ
145 1215 209 1292 ἕνα
230 1221 309 1292 τῶν
325 1223 473 1312 μικρῶν
492 1216 657 1302 τούτων,
689 1209 868 1312 ποτήριον
882 1235 1033 1323 ψυχρου

55 1315 160 1410 μόνον
181 1321 231 1402 εἰς
252 1319 373 1412 ὄνομα
390 1320 589 1415 μαθητοῦ,
616 1315 718 1416 ἀμὴν
736 1315 834 1418 λέγω
845 1313 941 1412 ὑμῖν
946 1367 960 1404 ,
987 1314 1033 1392 oc'r

55 1415 97 1514 μὴ
110 1417 263 1516 dmum
277 1417 346 1494 τὸν
359 1418 502 1514 μισθὸν
519 1418 649 1496 αὑτοῦ.

141 1521 244 1594 Nunc
264 1524 358 1594 redit
379 1523 468 1594 istnc
485 1517 654 1596 Adamas
671 1515 905 1592 Pircameros
929 1533 1033 1592 natus

55 1623 86 1692 in
97 1615 350 1710 Tbonowerd,
374 1624 438 1720 qui
452 1625 531 1697 istlc
544 1639 652 1698 notus
666 1638 719 1696 cst
733 1623 812 1693 viro
826 1615 1032 1694 Clarissimo

54 1717 241 1796 Leonordo
262 1719 449 1812 Tacdero,
489 1727 552 1822 qni
585 1743 626 1802 ut
652 1723 909 1818 gratitudinem
931 1747 1032 1794 suam

56 1829 222 1914 ostendat,
251 1851 351 1898 suam
374 1827 481 1898 etiam
499 1853 641 1920 operam
657 1829 760 1898 vobis
774 1827 908 1896 offeret.
959 1822 1032 1894 Bo-

56 1953 128 1997 ncrm
143 1928 325 2018 ingenium
339 1951 415 2000 esse
431 1929 562 2005 iudico.
590 1931 711 2020 Qccare
726 1931 771 2000 de
785 1951 828 1998 eo
843 1939 972 1997 etcum
988 1923 1032 2000 D.

56 2023 85 2098 T
86 2021 207 2100 ucbero
220 2031 393 2124 loqueris,
418 2031 462 2100 ud
480 2055 584 2125 quem
604 2031 741 2124 scripsi.
788 2027 886 2098 Bene
902 2041 937 2098 et
952 2027 1032 2097 leli-

55 2129 128 2200 eiter
147 2133 235 2207 vate.
298 2130 368 2202 Die
393 2132 450 2205 ts.
470 2132 574 2208 Febr.
598 2157 670 2226 quo
690 2145 774 2204 onte
794 2149 908 2199 annos
933 2125 1032 2200 taso

55 2229 193 2304 Nicanor
212 2233 411 2305 trucidatus
430 2247 482 2305 est
504 2247 538 2306 et
552 2231 710 2305 Ecclesia
729 2235 888 2304 liberata.
938 2225 1033 2301 Ore·

56 2355 121 2402 mus
140 2349 178 2404 ut
199 2358 300 2406 none
321 2359 463 2430 quoque
475 2337 567 2410 leret
581 2359 686 2428 open
702 2335 801 2408 Deus
814 2331 1032 2404 miserrimae

55 2427 227 2522 Ecclesiae,
252 2459 341 2532 quae
354 2437 476 2522 multis
489 2439 607 2510 modis
624 2452 658 2508 et
674 2437 848 2510 laceratur
861 2446 896 2504 et
909 2457 1033 2504 excru-

57 2535 164 2612 ciatur.
217 2537 271 2610 De
293 2531 509 2629 lmperatore
531 2539 714 2612 silentium
740 2551 811 2624 est,
845 2535 906 2604 sed
928 2535 1032 2606 video

57 2635 314 2712 deliberationes
329 2633 452 2710 haberi
467 2643 511 2712 de
529 2639 665 2712 bellicis
679 2636 916 2732 apparatibus.
936 2634 1033 2706 Dens

58 2739 144 2808 nobis
166 2743 279 2828 adsit,
310 2755 346 2814 et
365 2754 400 2816 ιι
421 2756 455 2814 ιι
476 2756 574 2816 tuam
587 2740 783 2817 Ecclesiam
804 2737 1032 2812 domesticam

57 2853 153 2912 servet
167 2835 216 2940 ').

733 2940 935 3040 Philippus·

62 3159 428 3180 *un—nnana...-

884 3319 1035 3390 13.Febr.

894 3407 1034 3440 Μ

58 3301 235 3432 ιιι

301 3500 306 3508 ’
405 3497 445 3586 1.
475 3495 680 3588 Crotoai.

112 3654 132 3724 ’ς
148 3654 185 3712 Er
196 3656 356 3730 apographo
372 3655 401 3714 io
413 3615 476 3716 cod
489 3649 574 3713 Paris.
596 3656 635 3712 D·
647 3655 679 3715 L.
691 3654 753 3712 δι’.

59 3799 267 3886 Clarissimo
289 3811 384 3902 viro,
410 3809 614 3885 ‘eruditione
628 3823 659 3884 et
674 3811 804 3884 uirtute
818 3811 1036 3911 praestanti,

60 3903 103 3984 D.
124 3916 298 3988 Ioanni
320 3911 540 3994 Cratoni,
577 3912 738 3986 Vrutisl.
759 3911 921 3986 Ductori
940 3913 1036 3987 artis

123 4015 296 4104 aridices,
323 4017 433 4092 aeteri
447 4017 567 4090 amico
580 4014 645 4091 aui
661 4011 955 4116 ιυμφιιοσόφῳ,
1010 4058 1014 4069 ·

60 4145 99 4234 S.
122 4165 161 4244 D.
209 4168 426 4242 Doctissime'
437 4171 494 4240 vir
510 4184 543 4240 et
558 4169 669 4238 amice
686 4167 876 4242 carissime.
928 4165 1034 4256 Quod

61 4279 88 4334 et
107 4271 228 4342 veteris
247 4273 424 4345 amicitiae
445 4285 586 4342 nostrae
604 4269 812 4340 memoriam
829 4269 976 4353 retines,
1003 4277 1037 4338 et

60 4360 327 4446 benevolentiam
357 4373 474 4446 officio
489 4373 690 4444 literatum
719 4392 821 4461 saepe
841 4369 1037 4454 declarasti,

61 4472 191 4554 nactam
219 4475 288 4548 tibi
316 4469 441 4548 babeo.
493 4470 563 4546 Est
586 4485 705 4546 autem
729 4473 862 4558 virtus,
891 4485 934 4544 ιιι
957 4471 1037 4556 scis,

62 4571 215 4658 amicitia,
238 4599 349 4670 quare
367 4589 405 4646 et
426 4585 629 4648 constanter
652 4573 845 4644 etvlrtntis
857 4595 962 4646 eausa
977 4592 1037 4644 co-

64 4667 153 4744 lenda
174 4691 209 4748 et
231 4679 362 4750 tuenda
375 4663 450 4752 'ost
496 4675 619 4766 Quare
637 4675 732 4748 inter
751 4699 818 4746 uos
834 4684 1038 4769 perpetuam

64 4767 329 4851 benevolentiam
360 4799 434 4852 esse
455 4777 550 4852 rulo.
607 4777 716 4868 Qrtod
736 4789 855 4848 autem
879 4801 954 4847 non
980 4799 1037 4846 re.-

613 271 1320 360 natsrouaanmiutmu1t
1344 326 1350 335 -
1375 272 1499 358 tito.

2005 277 2083 364 tat

1087 467 1124 526 a
1146 453 1184 524 a
1204 453 1438 526 nuaram
1459 445 1612 528 nativa
1660 447 1856 528 accc-cna·
1871 439 2080 535 'marsnam

1087 557 1249 627 contusio
1272 568 1324 632 est
1347 557 1644 646 gribernatlanum
1663 558 1702 626 in
1721 553 1888 630 Eccleeiis
1910 571 1946 634 rt
1965 564 2079 656 impc-

1088 659 1150 728 riis
1168 657 1408 744 Germanicis,
1432 675 1551 730 tamen
1567 657 1700 750 patriae
1716 677 1847 732 nomen
1861 664 2003 736 dolebas
2016 681 2079 754 est,

1087 773 1122 834 ιι
1142 759 1272 854 opinor
1294 775 1327 832 te
1347 761 1540 844 multorum
1556 759 1795 836 familiaritate
1808 763 1881 850 uti,
1907 767 2017 860 quiet
2032 770 2077 840 de

1086 855 1162 950 Deo
1192 876 1226 934 et
1253 865 1297 934 de
1326 863 1471 956 optimis
1495 863 1601 937 rebus
1622 875 1715 937 recte
1739 866 1910 944 sentiunt.
1965 866 2077 960 Quod

986 1001 1010 1030 ,ι
1086 979 1203 1036 atatem
1225 965 1269 1035 de
1282 954 1468 1034 Mothono
1490 963 1527 1036 iu
1552 961 1689 1037 ltaliam
1706 965 1881 1041 mittendo
1895 968 2077 1062 scripsisti,

1086 1067 1174 1162 ¹scito
1207 1089 1225 1139 a
1258 1089 1316 1136 rne
1341 1065 1572 1158 Norihergarn
1604 1089 1699 1136 anno
1723 1069 1904 1158 superiore
1927 1070 2076 1147 missum

1017 1219 1032 1236 .
1086 1189 1175 1248 esse,
1202 1149 1264 1238 ubi
1289 1167 1473 1238 infantilia
1492 1163 1736 1240 honestissima
1753 1169 1856 1241 docet
1870 1173 2077 1244 adolescen-

1085 1281 1136 1341 tes
1158 1267 1310 1364 aliquot,
1337 1282 1370 1338 et
1397 1282 1539 1362 propter
1560 1269 1725 1338 bclem‘ac
1740 1269 1893 1364 optimos
1912 1297 2026 1346 mores
2041 1287 2077 1350 et

1085 1369 1320 1452 cruditionem
1344 1371 1524 1462 diligitur,
1549 1393 1614 1440 nec
1640 1369 1794 1444 officiose
1809 1373 2075 1446 lacerevidere.

1086 1486 1161 1558 tur,
1186 1471 1217 1547 si
1234 1471 1331 1542 illam
1348 1467 1548 1544 inchoatam
1564 1469 1823 1544 iustitutionem
1840 1476 1958 1557 subito
1975 1478 2076 1548 dese·
2106 1505 2114 1532 ι

1085 1586 1187 1647 reret·
1240 1571 1295 1642 lbi
1309 1587 1344 1646 et
1359 1571 1569 1649 doctissimis
1585 1565 1793 1646 bominibus
1810 1576 1996 1648 familiaris
2012 1593 2075 1652 ιιι.

1085 1671 1156 1746 Sed
1168 1665 1572 1774 IohannesAurisober
1588 1687 1621 1746 et
1636 1695 1699 1766 ego
1714 1675 1879 1748 duximus
1895 1679 1963 1752 tibi
1976 1703 2076 1750 com-

1085 1777 1326 1862 mendandum
1349 1799 1422 1848 esse
1446 1777 1564 1850 virum
1580 1774 1881 1865 eruditissimum,
1906 1795 1941 1854 et
1958 1781 2076 1872 gravi.
2216 1827 2220 1834 .

1086 1891 1155 1955 tate
1186 1877 1313 1948 eximia
1342 1878 1563 1970 praeditum,
1600 1877 1663 1974 qui
1697 1891 1733 1974 et
1762 1893 1875 1954 aetate
1900 1883 2077 1956 antecedit

1085 1964 1314 2070 Metlooom
1329 1993 1364 2053 et
1380 1991 1462 2052 tuus
1479 1981 1622 2052 auditor
1638 1979 1717 2062 l'uit,
1744 1977 1956 2074 Magistrum
1972 1977 2074 2054 Bol-
2167 2043 2169 2046 .

1085 2071 1273 2150 tlsosorem
1313 2073 1526 2152 Sertorium
1567 2081 1886 2160 Vratislavicnsem.
1959 2085 2078 2180 Huius

1084 2195 1178 2257 aetas
1195 2183 1305 2274 anab
1323 2181 1451 2254 idonea
1466 2197 1519 2254 est
1536 2181 1674 2263 ltaliae,
1701 2196 1734 2252 et
1750 2183 1789 2252 in
1809 2185 1973 2255 universa
1990 2182 2075 2278 pbi-

1084 2277 1266 2376 losophia,
1298 2283 1337 2353 in
1364 2277 1609 2369 mathematis,
1643 2282 1681 2352 in
1708 2295 1782 2356 arte
1811 2287 1945 2357 medica
1970 2311 2011 2356 ac
2035 2287 2076 2358 in

1086 2399 1233 2480 acusque
1257 2385 1379 2476 lingua
1400 2385 1576 2476 praeclare
1601 2383 1761 2460 eruditus
1785 2399 1847 2460 est.
1907 2385 2029 2483 ltaque
2044 2389 2076 2460 si

1085 2501 1119 2556 et
1139 2486 1291 2558 amicum
1313 2501 1346 2562 et
1369 2487 1488 2558 virum
1507 2489 1669 2571 doctum,
1693 2507 1855 2576 gravem,
1879 2511 1946 2562 usu
1969 2490 2077 2562 etiam

1084 2590 1217 2660 lactmn
1238 2588 1579 2681 circumspectiorem
1607 2587 1646 2658 in
1669 2583 1806 2658 ltaliam
1830 2589 2002 2680 missurus
2024 2613 2075 2680 es,

1087 2686 1183 2760 lsunc
1203 2702 1244 2760 ut
1269 2690 1388 2760 mittas
1404 2703 1439 2761 te
1460 2685 1664 2773 hortamur,
1689 2689 1803 2783 deque
1819 2715 1861 2762 eo
1878 2712 1984 2786 quam
2002 2694 2082 2785 pri-.

1085 2815 1184 2862 mum
1198 2802 1296 2862 tuam
1310 2791 1521 2886 sententiam
1536 2790 1720 2888 siguificat.
1755 2789 1828 2862 Nec
1843 2787 2076 2864 Moibonurn

1087 2893 1237 2964 libenter
1252 2891 1389 2974 dimisi,
1422 2906 1456 2964 et
1472 2887 1568 2964 bunc
1581 2893 1621 2962 in
1633 2887 1842 2980 Academia,
1866 2896 1931 2966 ubi
1949 2918 2078 2986 magna

1086 3015 1166 3064 corn
1188 2993 1295 3064 laude
1319 2995 1438 3080 docet,
1462 2995 1617 3066 retinere
1635 3015 1814 3084 cuperem.
1861 2991 1934 3067 Sed
1955 2995 2021 3066 scis
2035 3021 2078 3068 ex

933 3121 937 3130 ·
1088 3093 1468 3190 Academiistanquam
1484 3091 1630 3168 colonos
1647 3093 1838 3166 mittendos
1854 3121 1939 3172 esse.
1978 3087 2077 3168 Cas-

1085 3219 1179 3294 paro
1191 3189 1367 3285 Peuaro,
1388 3198 1488 3290 quod
1501 3198 1655 3271 faustum
1670 3195 1802 3282 etlelir
1816 3199 1878 3284 sit,
1903 3200 2079 3292 despondi

1089 3321 1201 3373 rocam
1230 3298 1350 3370 liliam.
1411 3295 1458 3372 Et
1480 3295 1548 3375 Dei
1578 3297 1747 3372 beneflcio
1771 3300 1998 3374 mediocriter
2017 3295 2078 3394 bic

1087 3398 1247 3475 omniurn
1264 3399 1507 3474 doctrinarum
1522 3401 1638 3475 studia
1654 3401 1794 3481 florent,
1847 3401 1973 3474 Vicina
1989 3401 2078 3472 Par-

1088 3495 1455 3594 thenopepracliatnr
1475 3515 1511 3576 ιι
1530 3501 1639 3577 armis
1659 3515 1694 3574 ιι
1709 3503 1866 3594 scriptis,
1891 3503 2078 3599 inquibus

1087 3627 1149 3674 sna
1171 3603 1334 3674 libertate
1354 3603 1459 3674 etiam
1476 3621 1598 3676 contra
1614 3616 1753 3676 nostras
1767 3599 1942 3676 Ecclesiae
1959 3605 2078 3685 abuti-

1088 3719 1157 3778 tnr.
1208 3703 1280 3776 Sed
1306 3706 1344 3774 iu
1366 3699 1432 3775 bac
1455 3705 1566 3776 delira
1588 3718 1725 3776 senecta
1748 3705 1874 3774 mundi
1898 3706 1978 3798 plus
1997 3708 2078 3778 sore
2104 3773 2117 3790 ,

1088 3806 1336 3876 confusionum
1357 3824 1464 3900 quarn
1480 3819 1562 3877 ante
1576 3805 1663 3892 init,
1690 3805 1906 3896 praedictum
1924 3821 1992 3893 est;
2018 3807 2078 3876 in-

1089 3917 1141 3977 ter
1154 3902 1218 3976 bas
1231 3913 1348 3977 tatnen
1365 3907 1518 3980 servabit
1530 3907 1626 3978 Deus
1642 3926 1742 3978 sacam
1756 3907 1929 4002 cymbam.
1980 3906 2078 3980 Bene

1089 4007 1185 4083 vale.¹
1227 4005 1297 4078 Die
1315 3999 1511 4096 latebo,
1545 4013 1838 4105 qnaantea'nnos
1857 4009 1956 4084 1⁷20
1972 4009 2079 4082 Nica-

1089 4133 1156 4180 nor
1177 4107 1373 4180 trocidatns
1391 4119 1442 4180 est
1459 4123 1493 4179 ιι
1506 4109 1663 4181 Ecclesia
1682 4111 1860 4196 liberata,·
1875 4133 1946 4206 quo
1961 4115 2078 4182 esem-

1089 4213 1166 4303 plo,
1197 4221 1239 4282 ut
1269 4211 1348 4280 aliie
1376 4211 1499 4282 motta
1529 4212 1759 4299 testimoniis,
1790 4209 1888 4282 Deus
1914 4211 2079 4298 ostendit,

1014 4369 1024 4388 .
1087 4311 1158 4384 sibi
1181 4332 1284 4383 curae
1307 4335 1380 4383 esse
1393 4309 1586 4385 Ecclesiam
1603 4335 1714 4386 suam.
1767 4312 1956 4405 Speremus
1969 4313 2080 4404 igitur

1088 4427 1122 4486 ιι
1141 4427 1301 4507 petamus
1323 4413 1507 4486 auxilium.
1557 4415 1631 4488 Nec
1645 4413 1788 4502 dubito,
1813 4427 1953 4486 nostros
1967 4415 2080 4506 gemi-

1089 4529 1145 4587 tus
1166 4516 1336 4590 exaudiri.
1393 4511 1527 4586 lterum
1551 4518 1629 4588 vale
1650 4529 1685 4587 ιι
1705 4515 1869 4591 rescribe.
1920 4513 2079 4588 Salutem

1088 4629 1172 4712 opto
1187 4631 1251 4691 tuo
1267 4631 1417 4710 patrono
1433 4631 1466 4688 et
1485 4617 1564 4688 aliis
1580 4617 1713 4694 amicis.
1742 4613 1852 4692 156⁰.

1831 4712 2031 4814 Philippus.

65 4879 402 4971 sperationum,
422 4905 468 4950 ee
484 4879 632 4974 quiden
643 4877 918 4972 occupationum
933 4902 1038 4948 eacus·
1107 4938 1115 4966 ·.

65 4975 180 5050 satione
194 4995 286 5070 utar,
306 4985 366 5054 sed
384 4983 441 5056 cui
453 4983 627 5056 traderem
644 4979 763 5052 literas
776 4981 821 5050 ad
837 4979 1038 5064 mittendas,

66 5079 256 5158 nesciebam.
303 5084 418 5156 Dabis
444 5081 555 5172 igitur
573 5079 713 5152 renim
730 5081 884 5156 silentio.
933 5077 1039 5152 Nune

66 5167 129 5247 Deo
150 5185 271 5272 gratias
292 5209 376 5276 ago,
408 5185 506 5280 quod
531 5199 565 5256 te
585 5195 620 5254 et
642 5181 796 5254 servavit
813 5182 1040 5267 incolumem,

75 5309 272 5356 ι-..Ἳ
553 5310 558 5326 ι
618 5306 621 5322 ·
781 5314 784 5322 ·

95 5379 122 5442 *l
139 5383 194 5440 aaa
205 5403 299 5443 manus
312 5376 469 5460 idaeam:
485 5385 530 5443 2⁴>-
543 5385 625 5448 Febr.
639 5381 808 5458 numidio,
828 5398 904 5460 quae,
922 5395 951 5439 ut
964 5399 1040 5442 sem·

127 5471 182 5521 per,
202 5449 380 5528 Spscberdios
396 5455 498 5523 edidit,
508 5457 595 5530 ¹anati
605 5453 812 5512 instintione
823 5455 967 5527 sdstriptr.

69 5519 223 5600 Μιιιιτι.
239 5537 340 5604 Ona.
368 5537 451 5604 Vos.
469 5533 542 5602 Vll.

1090 5103 1286 5190 Nonum.

1098 5209 1271 5243 ὬΝ
1906 5213 2079 5252 Μ

1380 5305 1385 5314 ’
1484 5293 1702 5411 Uor‘gt.

1162 5457 1186 5529 †
1202 5448 1240 5511 Es
1254 5475 1349 5529 apogr.
1360 5453 1564 5598 in'ccglbi’sris.
1581 5451 1617 5511 D.
1628 5450 1660 5514 Ι..
1671 5449 1733 5515 51⁸.
