4670 5808
631 195 1066 281 nrtsuotutttuu

816 424 819 433 .
905 365 1053 444 161111-

885 456 1056 489 Μ

82 205 149 282 157
285 221 309 268 0

80 373 267 469 1181811.
330 403 333 410 -
377 440 380 452 .

88 471 249 504 m
364 535 415 622 G.
442 513 773 620 Buelrlmlzero.

141 679 236 738 Manlii
251 679 349 750 fars-ag.
366 695 392 748 p.
405 674 456 730 263
470 691 512 744 ,sp
535 744 538 752 ,
560 743 563 754 ¹
610 693 615 704 .

79 796 280 876 Reverendo
307 796 403 880 viro,
423 791 483 868 =D.
507 784 1063 886 GeorgioBoclsholtzcr,

77 900 277 1004 praeposito
290 895 480 969 Ecclesiae
497 891 577 964 Dei
596 893 635 963 in
652 889 918 979 urbcArctorr,
943 896 1063 964 amico

408 990 708 1068 ..connectendo
784 1029 788 1043 ·
889 1040 892 1048 ·

79 1131 285 1212 Reverende
300 1133 372 1202 vir:
399 1127 490 1200 Cum
506 1129 587 1200 Dux
602 1121 778 1196 Pressius
794 1127 838 1224 ad
854 1125 1062 1198 188118888-

79 1245 152 1310 dem
168 1247 375 1326 argumento
394 1228 591 1320 scripserit,
616 1231 704 1299 utile
719 1241 807 1298 esset
825 1225 874 1297 'ab
898 1223 952 1296 his
973 1229 1061 1298 rici-

79 1343 128 1410 nis
144 1337 359 1430 principibus
374 1333 420 1402 ita
437 1332 575 1401 institui
591 1327 902 1412 deliberationem,
927 1344 967 1400 ot
987 1353 1060 1399 una

79 1440 266 1514 communis
290 1435 471 1526 responsio
494 1433 711 1516 ‘mitteretur,·
735 1455 779 1499 ne
802 1445 921 1522 postea
943 1425 1061 1500 exitis

80 1543 184 1611 initiis
198 1539 331 1609 maiora
348 1535 492 1604 dissidia
510 1532 686 1603 oriantur:
708 1549 741 1604 et
755 1529 822 1602 lro'c
840 1554 957 1600 merim
976 1557 1061 1601 con-

81 1645 189 1712 silium
225 1641 331 1708 velim
366 1637 514 1705 indicari
554 1637 687 1728 inclyto
719 1633 870 1725 principi
904 1629 1060 1704 Electorr

82 1735 308 1814 Morchioni.
359 1735 436 1826 Ego
464 1731 631 1806 haetenus
655 1756 730 1804 non
753 1735 851 1802 volui
873 1737 1060 1804 accendere
1156 1805 1161 1816 ,

82 1843 278 1916 discordias.
340 1837 421 1908 ldeo
445 1837 574 1906 multas
594 1837 788 1906 multorom
812 1836 960 1908 iniurias
979 1861 1060 1926 per-

80 1949 158 2032 tuli,
181 1967 307 2036 meque
322 1935 387 2010 hac
404 1963 488 2008 voce
503 1939 677 2007 consolari
693 1937 802 2004 soleo:
831 1935 937 2026 Quod
955 1951 1006 2008 est
1020 1961 1060 2006 ex

80 2048 159 2132 Deo,
173 2070 247 2116 non
263 2044 484 2112 dissolvetur.
516 2039 677 2130 Simplici
692 2051 726 2105 et
743 2037 800 2126 pio
818 2041 936 2107 animo
953 2063 1059 2132 quae-

82 2151 139 2218 sivi
163 2161 195 2216 81
216 2145 362 2216 recitavi
386 2164 557 2212 summam
581 2140 761 2208 doctrinae
778 2133 963 2212 Ecclesiae.
1013 2135 1062 2216 Et

82 2246 164 2318 mihi
183 2273 248 2316 nec
271 2243 484 2336 potentiam,
515 2266 579 2310 nec
603 2264 686 2334 opes
708 2240 875 2332 quaesivi.
926 2234 975 2310 Et
997 2265 1060 2310 oro

81 2352 183 2420 tilium
198 2347 268 2420 Dei
283 2345 479 2416 Dominum
498 2355 657 2410 nostrum
672 2339 785 2410 lesum
803 2336 1003 2426 Christum,
1024 2356 1063 2412 81

1116 191 1334 278 nitran.
1365 190 1520 274 *tots
2033 195 2107 275 858

1117 362 1196 446 aliis
1214 358 1437 431 sermonibus
1451 359 1620 432 studeat·
1651 354 1706 441 De
1720 358 1872 451 publicis
1895 361 2043 460 negotiis
2069 388 2107 449 ea

1061 515 1063 523 ,
1117 487 1206 554 quae
1220 458 1391 546 babemus
1408 464 1451 530 de
1468 457 1577 532 Ducis
1591 452 1784 531 Pressiacr'
1804 463 1916 532 literis
1933 465 1977 533 ad
2001 463 2108 536 Prin-

1117 565 1211 654 cipes
1225 576 1261 640 et
1279 559 1436 635 civitates
1456 563 1589 646 missis,
1611 577 1645 632 et
1666 565 1709 632 de
1723 556 1923 634 Pannonia
1949 589 2108 636 recense·

1117 667 1170 746 bit
1188 666 1231 739 1).
1245 658 1456 739 Forstcrus.
1506 661 1693 734 Prodesset
1714 690 1823 736 unam
1842 668 2106 758 responsionem

1116 769 1161 841 ab
1174 763 1229 836 his
1239 766 1363 836 vicinis
1373 763 1600 854 Principibus
1613 767 1707 836 mitti
1721 769 1765 836 ad
1775 766 1909 851 Ducem
1919 763 2107 843 Pressius.

1120 865 1157 937 ld
1189 869 1310 958 scripsi
1342 867 1383 934 ad
1409 859 1687 936 Bucholccrum.
1745 867 1871 958 Nostra
1899 872 1978 962 nula
2003 872 2106 943 nobis

1116 973 1277 1040 nondum
1300 967 1397 1038 misit
1413 962 1636 1038 Prussr'crcns
1650 970 1785 1040 literas:
1814 967 1860 1040 Et
1875 973 2031 1041 fortassis
2047 997 2108 1042 oe-

1116 1086 1239 1160 cupata
1262 1083 1313 1138 est
1339 1070 1418 1138 aliis
1444 1070 1556 1153 curis,
1590 1094 1677 1162 quas
1709 1071 1846 1140 utinam
1870 1071 1965 1142 Deus
1999 1087 2105 1163 regat.

1118 1173 1255 1242 Pellem
1280 1183 1317 1242 et
1340 1169 1382 1242 C.
1399 1169 1442 1240 V.
1462 1165 1690 1242 Marchinni
1709 1173 1878 1258 scribere,
1903 1189 1939 1246 ut
1969 1189 2106 1247 curaret

1113 1299 1221 1343 onam
1243 1295 1467 1342 communem
1493 1274 1757 1364 responsionem
1792 1275 1895 1348 mitti.
1953 1275 2042 1345 Nam
2076 1276 2107 1344 si

1023 1434 1026 1442 .
1114 1391 1230 1446 sumet
1241 1375 1310 1442 sibi
1325 1397 1508 1442 censuram
1530 1373 1605 1444 eius
1618 1375 1863 1460 concionator,
1884 1377 1982 1446 cuius
2007 1377 2106 1446 vani-

1114 1489 1166 1546 tas
1182 1479 1414 1544 inconvento
1433 1477 1571 1563 coguita
1588 1489 1657 1556 est,
1682 1491 1800 1548 metuo
1827 1479 1959 1546 maiora
1987 1501 2028 1547 811
2040 1479 2106 1546 uvi·-

1051 1635 1059 1650 .
1114 1579 1205 1646 cinia
1223 1578 1381 1648 dissidia.
1432 1575 1529 1648 Bene
1545 1577 1742 1648 etfeliciter
1759 1579 1872 1648 valeat
1886 1575 1927 1654 C.
1944 1577 1986 1652 V.
2037 1577 2104 1650 Die

1113 1679 1175 1754 87.
1195 1678 1366 1750 Novemb.

1130 1871 1343 1880 -ι--ι-ιν--ι-
1943 1869 2094 1882 -u—-uun

1135 1997 1201 2066 No.
1219 1993 1339 2072 4985.

1129 2095 1344 2126 m

1461 2165 1527 2252 Io.
1559 2165 1766 2284 Sripetio.

1185 2309 1274 2365 Dana.
1294 2323 1356 2380 epp.
1372 2305 1404 2360 ad
1419 2305 1512 2376 Stigel.
1525 2325 1568 2378 ep.
1581 2307 1623 2368 62
1660 2307 1730 2364 coa.
1745 2303 1954 2380 1188118881).
1971 2307 2029 2363 182

1954 2005 2104 2121 sese·

81 2463 267 2540 81818381,
300 2461 333 2518 et
366 2457 481 2514 servet
507 2439 631 2513 barum
661 2443 845 2532 regionum
877 2439 1062 2516 Ecclesias·
1114 2445 1340 2534 Clarissimo
1365 2447 1464 2532 viro,
1498 2445 1665 2542 r'ugcnr'o,
1692 2429 1949 2522 eruditiones!
1977 2447 2105 2522 virtute

83 2551 212 2639 Quaeso
234 2563 276 2620 ot
298 2543 386 2614 milri
408 2545 586 2626 scribatis,
618 2567 663 2612 an
696 2545 781 2647 velit
804 2543 1062 2614 illustrissimos
1113 2549 1339 2650 praestanti,
1371 2547 1429 2622 D.
1457 2547 1637 2636 loanni
1661 2547 1691 2620 S
1701 2549 1892 2644 rigatio,
1924 2555 2103 2648 epidico,
2160 2585 2163 2592 .

81 2653 239 2740 Princeps
257 2645 398 2718 Elector
412 2637 613 2726 Mmchio,
640 2659 680 2713 ut
696 2667 767 2713 una
789 2647 984 2714 communis
1007 2669 1063 2715 re·
1114 2652 1180 2728 καὶ
1202 2657 1285 2736 ταῖς
1308 2646 1502 2740 Μούσαις,
1529 2645 1714 2748 φιλτάτῳ,
1743 2651 1871 2750 fratri
1894 2677 1962 2724 suo
1990 2651 2105 2724 caris.

81 2754 216 2841 spoosio
241 2752 416 2822 mittatur.
452 2743 562 2814 Ι8888
585 2760 618 2830 et
640 2742 789 2815 feliciter
811 2745 933 2822 valete.
992 2747 1062 2817 Die

80 2854 133 2925 26.
147 2851 375 2936 Novembris,
397 2871 492 2918 anno
511 2846 619 2920 1551.

173 2951 336 3043 Cogitavi
370 2953 413 3020 de
443 2950 556 3024 ferma
581 2949 660 3042 pia,
693 2962 726 3021 et
749 2973 855 3044 quam
881 2973 1063 3040 sperarem

83 3057 281 3128 concordiae
304 3053 525 3147 profuturam
555 3073 645 3120 esse:
673 3064 706 3120 et
727 3075 800 3120 non
813 3046 985 3140 gravatim
1003 3075 1065 3119 ve-

85 3159 169 3226 niam
192 3158 237 3226 ad
264 3151 501 3246 colloquium,
524 3151 568 3222 de
593 3163 750 3224 retenta
775 3175 856 3222 cum
883 3151 963 3222 aliis
978 3175 1065 3222 cou-

84 3259 223 3332 ferendi.

765 3548 769 3556 ·
809 3597 827 3656 2
862 3644 866 3654 ,
898 3577 1053 3655 ullor.

84 3574 283 3707 ece:
894 3667 1064 3697 w...

269 3697 868 3852 congemiscamus.
961 3825 965 3835 ,

142 3889 223 3958 Epist.
237 3887 286 3946 lib.
299 3887 334 3944 11.
351 3885 453 3958 [1211.
471 3882 528 3954 (ed.
542 3883 634 3942 Lond.
647 3882 695 3940 lib.
710 3884 745 3942 11.
763 3904 804 3956 ep.
817 3885 904 3958 242.).

214 4023 270 4096 D.
295 4018 496 4116 Georgia
521 4015 690 4118 Principi
713 4020 753 4090 in
780 4017 926 4112 Anholt

83 4143 123 4228 S.
147 4157 190 4234 D.
240 4155 481 4228 lllnstrissime
496 4151 684 4244 Princeps,
711 4145 808 4243 Opto
829 4171 869 4224 ut
895 4153 963 4225 iter
988 4157 1062 4228 viro

81 4257 296 4350 integerrimo
314 4255 358 4332 D.
367 4249 411 4325 F
407 4263 544 4324 orstcro
559 4255 605 4323 sit
620 4255 775 4323 faustum
793 4267 826 4323 et
841 4255 942 4337 felix,
958 4283 1062 4350 quem

81 4363 213 4452 quidem
230 4361 398 4452 expatiari
418 4359 486 4426 iam
505 4357 546 4424 ad
567 4353 606 4429 C.
616 4351 660 4430 V.
675 4355 763 4425 utile
781 4369 848 4434 est,
874 4369 1061 4427 81881818-

80 4463 176 4532 nibus
201 4462 241 4534 C.
264 4459 306 4535 V.
330 4461 485 4530 leniatur
508 4457 545 4548 ei¹
563 4457 684 4541 dolor,
709 4481 779 4548 quo
805 4473 947 4547 propter
970 4461 1061 4530 filiae

81 4565 240 4634 maximae
264 4578 350 4632 natu
374 4573 524 4630 mortem
548 4553 776 4648 adficitur*),
807 4559 844 4624 in
865 4583 933 4650 qna
962 4574 1062 4631 erant

83 4667 201 4738 multoe
226 4663 381 4752 egregiae
405 4663 504 4732 dotes
525 4658 636 4730 animi
657 4674 692 4728 81
709 4659 876 4748 corporis.
928 4655 1062 4754 Estque

84 4767 185 4856 patris
204 4765 376 4836 moestitia
400 4788 442 4832 co
468 4759 603 4844 maior,
621 4761 718 4862 'quia
751 4756 843 4861 filiae
871 4763 1015 4830 morbus
1039 4789 1060 4832 a

84 4889 235 4936 moerore
270 4881 368 4936 ortus
397 4865 482 4947 fuit,
518 4885 589 4955 quo
623 4861 888 4931 excruciabatur
918 4878 1061 4954 proptor

81 4969 192 5038 mariti
218 4961 422 5065 ἀστοργίαν
447 4979 482 5035 81
506 4985 622 5030 mores
637 4961 780 5030 inutiles
808 4964 1059 5054 patrifamilias.

80 5065 167 5138 llaec
192 5071 280 5140 scire
299 5065 340 5144 C.
356 5067 400 5145 V.
421 5062 539 5147 volui,
572 5075 612 5134 ot
635 5065 781 5135 miscere
803 5062 1060 5139 consolationes

83 5183 299 5220 *du-..-

111 5271 333 5346 *1111888188
354 5268 463 5344 publiea
480 5267 514 5323 T.
536 5267 558 5324 l.
575 5285 601 5340 p.
619 5266 680 5324 581.
705 5267 741 5323 ‹le
764 5265 863 5322 funcra
885 5265 1006 5325 81888881
1032 5271 1060 5326 11.

142 5339 184 5406 83.
201 5341 272 5402 Nor.
292 5339 370 5397 1⁵51.
586 5349 590 5362 ¹

1459 2751 1607 2840 ..simo,
1633 2753 1669 2828 S.
1683 2753 1728 2826 D.

1116 2854 1252 2964 caries.
1277 2890 1396 2959 frater.
1455 2881 1563 2977 Apud
1587 2881 1813 2955 Aristotelem
1844 2885 1882 2954 in
1904 2883 2105 2959 Rhetoricis

1116 3014 1237 3060 versos
1260 3001 1343 3058 sunt
1365 2983 1609 3076 Empedoclis,
1637 2983 1772 3080 physici
1789 2987 1935 3069 Poetae,
1962 3001 2002 3057 81
2028 2987 2105 3070 scis,

1117 3094 1246 3186 quibus
1262 3089 1412 3160 describi
1429 3089 1547 3181 inquit
1563 3086 1620 3156 lus
1634 3101 1797 3173 naturae,
1811 3103 1852 3160 81
1869 3089 2104 3168 nominamus,

1177 3201 1272 3270 ’Alli
1302 3201 1338 3266 τὸ
1369 3200 1431 3282 μέν’
1449 3199 1575 3266 πάντων
1603 3197 1735 3282 1111111188
1754 3199 1853 3266 declr'
1884 3201 2105 3285 erlpvpridorroc

1201 3282 1335 3369 ulfiiprc
1348 3285 1480 3368 ἦνεκέως
1492 3286 1637 3366 8188118,
1663 3285 1714 3350 dui
1728 3285 1755 3350 τ’
1768 3286 1903 3354 11811188
1919 3290 2030 3374 αὐγῆς.

1118 3391 1198 3478 Α11,
1221 3395 1404 3478 ordinem,
1428 3415 1490 3461 seu
1507 3406 1662 3461 mentem
1676 3391 1815 3460 ordinis
1827 3417 1986 3474 eausam,
2005 3421 2106 3487 spar.

1117 3519 1189 3564 sam
1206 3517 1278 3563 esse
1302 3494 1340 3562 in
1359 3507 1470 3564 totam
1494 3507 1656 3562 naturam
1677 3509 1853 3582 regentem
1876 3495 1978 3568 iusta.
2032 3496 2105 3564 Mi»

1117 3611 1213 3666 ratus
1226 3617 1323 3678 sum,
1348 3590 1415 3664 bos
1430 3619 1550 3664 versus
1565 3597 1611 3662 ad
1633 3589 1725 3662 banc
1739 3595 1934 3663 doctrinam
1958 3597 2003 3664 de
2024 3596 2104 3668 lore

1046 3727 1049 3734 ·
1116 3711 1265 3768 naturae
1281 3699 1326 3766 ab
1342 3693 1532 3766 Aristotele
1549 3695 1816 3768 accommodari.
1849 3695 2106 3767 8888888881-

1117 3823 1195 3868 mus
1210 3799 1240 3866 ei
1257 3794 1334 3868 hoc.
1387 3797 1527 3866 Scimus
1541 3797 1677 3879 autem,
1697 3793 1762 3863 Dei
1781 3799 1998 3868 voluntatem
2022 3821 2105 3884 esse,

1118 3913 1158 3970 ut
1179 3901 1266 3990 grati
1293 3901 1403 3968 simus
1422 3899 1484 3980 iis,
1506 3899 1568 3990 qui
1590 3911 1623 3966 et
1643 3897 1734 3964 beoe
1750 3915 1931 3967 merentur
1945 3903 1988 3970 de
2004 3925 2104 3992 8881,-

1068 4067 1073 4078 „
1117 4002 1216 4070 muni
1243 4001 1336 4082 vita,
1370 4013 1403 4068 et
1426 3999 1588 4088 privatim
1614 3999 1717 4068 nobis
1741 3999 1830 4066 bene
1854 4001 1999 4075 faciunt.
2051 3999 2105 4073 A:

1117 4125 1218 4192 saepe
1239 4096 1305 4168 boc
1330 4095 1400 4167 iam
1425 4104 1549 4183 recito,
1574 4099 1826 4188 gratitudinem
1842 4103 2009 4172 virtutem
2032 4125 2106 4173 esse

1116 4203 1343 4291 compositam
1369 4223 1410 4269 ex
1426 4203 1563 4270 duabus
1583 4201 1953 4288 rummievtnurtbos,
1979 4229 2020 4274 er
2044 4230 2104 4270 re·

1117 4303 1219 4371 ritate
1236 4317 1270 4372 et
1288 4303 1431 4374 iustitia.
1485 4299 1620 4371 vertras
1642 4303 1839 4391 profitetur,
1864 4307 1961 4372 unde
1982 4307 2028 4375 sit
2046 4331 2104 4374 ao-

1115 4419 1254 4494 88811118
1271 4405 1494 4474 beneficium:
1522 4405 1654 4472 iustitia
1670 4404 1804 4491 obligat
1821 4406 1865 4472 ad
1884 4419 2006 4474 1811188
2023 4408 2103 4476 offi-

1115 4506 1180 4578 cia.
1232 4505 1317 4576 'libi
1336 4507 1443 4596 igitur
1456 4503 1590 4596 optime
1605 4505 1751 4572 merenti
1767 4509 1811 4572 de
1825 4505 1949 4574 studiis
1963 4509 2104 4595 publice

1115 4609 1293 4697 gratitudo
1307 4607 1466 4679 debetur.
1517 4603 1565 4676 Et
1579 4605 1748 4693 egotibi,
1775 4631 1839 4696 pro
1856 4623 2023 4699 perpetua
2043 4624 2102 4679 tua

1113 4731 1196 4797 erga
1214 4733 1268 4776 me
1287 4705 1546 4788 benevolentia,
1570 4705 1823 4794 gratitudinem
1847 4733 1986 4799 semper
2001 4733 2103 4802 prae

1111 4812 1224 4878 stabo·
1251 4807 1381 4880 [Tuos
1404 4807 1556 4896 optimos
1579 4829 1700 4875 versus
1716 4833 1832 4898 nuper
1852 4806 1944 4878 mihi
1967 4811 2102 4883 missos.

1113 4907 1245 4978 Paulus
1257 4910 1406 4978 tradidit
1425 4903 1632 4976 *Valentino
1645 4903 1826 5003 Lypsico,
1853 4907 2102 5004 Typograpbo,

1112 5023 1153 5078 81
1169 5009 1282 5080 nitide
1295 5003 1500 5100 edanturl).
1555 5008 1586 5079 ls
1601 5012 1778 5100 promisit,
1804 5033 1842 5078 se
1860 5013 1964 5081 nobis
1985 5037 2104 5083 exem·

1112 5111 1170 5201 pla
1187 5113 1377 5182 missurum
1397 5135 1489 5196 esse,
1504 5135 1612 5206 quae,
1633 5135 1713 5180 curn
1730 5135 1913 5203 accepero,
1935 5115 2002 5184 tibi
2020 5116 2103 5186 mit-

1111 5269 1317 5288 -r--u-u-

1147 5341 1176 5410 *)
1197 5339 1257 5397 vtt.
1274 5361 1317 5418 ep.
1331 5343 1364 5397 88
1378 5341 1471 5417 suget.
1481 5345 1508 5399 d.
1524 5343 1567 5400 11.
1583 5342 1647 5412 Apr.
1662 5339 1690 5395 11.
1704 5359 1729 5396 8.
