4654 5816
41 5533 44 5580 l

42 5651 48 5787 l

43 265 113 342 att

42 435 231 566 Q·
346 504 350 518 Ι
412 458 418 481 t

387 592 678 720 ultroneo.
755 709 761 721 .

103 791 466 868 qmmupmq

276 947 549 1028 Laurentio
573 951 786 1058 Mollcro

44 1087 85 1176 S.
100 1099 145 1173 D.
184 1098 415 1191 integerrime
430 1101 498 1190 vir,
525 1117 560 1176 et
575 1105 685 1174 amice
700 1099 915 1178 charissime.
953 1097 1032 1174 Etsi

44 1206 162 1276 multas
185 1199 354 1275 historias
377 1205 530 1275 viciniae
550 1219 685 1278 vestrae
709 1207 953 1292 audieramus,
979 1217 1033 1276 ta·

44 1329 116 1377 men
131 1308 306 1400 quaedam
321 1307 359 1376 in
376 1307 447 1378 tuis
463 1307 576 1378 literis
598 1311 818 1382 narrationes
834 1322 935 1379 erant
955 1307 1032 1400 ple-

804 443 836 506 ἂ.
859 445 996 513 brume.

771 537 1026 578 *cv-

46 1411 169 1490 riores,
201 1421 337 1502 tuoque
359 1433 480 1479 amore
508 1423 542 1482 et
563 1411 679 1482 officio
704 1410 878 1498 delector,
904 1435 944 1482 ac
964 1409 1032 1480 tibr

47 1513 182 1601 gratiam
200 1504 327 1596 habeo,
353 1506 439 1582 haec
456 1513 632 1604 colloquia
649 1539 724 1584 non
740 1513 930 1587 amittenti.
966 1507 1033 1582 Est

46 1613 182 1682 omnino
198 1611 301 1706 quasi
320 1614 511 1705 speciosior
526 1609 703 1686 Ecclesiae
725 1615 942 1712 frequentia,
967 1615 1033 1684 do-

47 1739 102 1784 nec
127 1714 232 1784 multi
258 1716 369 1786 nostri
400 1717 538 1785 ordinis
566 1717 853 1789 coniunctionem
876 1729 1032 1790 tuentur.

47 1813 110 1886 Nec
137 1815 227 1886 iusta
255 1831 455 1904 causaest,
487 1841 550 1890 cur
578 1835 649 1888 tam
676 1819 866 1892 crudeliter
895 1833 1033 1890 nostras

48 1913 167 1988 Eccles.
190 1917 328 2012 alioqui
361 1933 510 1990 moestas
543 1921 655 2015 aliqui
682 1923 910 1996 insectentur.
961 1919 1032 1992 Sed

49 2016 113 2089 Deo
129 2041 193 2090 nos
215 2021 517 2096 commendamus.
570 2021 648 2094 Vox
670 2022 853 2096 doctrinae
875 2045 965 2119 quae
989 2021 1034 2092 sit

51 2123 83 2192 iu
96 2121 302 2208 Academia,
327 2137 426 2216 potes
442 2125 546 2194 etiarn
562 2151 603 2195 ex
619 2119 676 2196 his
698 2129 899 2198 recentibus
915 2125 1035 2218 pagel-

50 2223 87 2292 lis
100 2224 293 2308 aestimare,
318 2249 405 2318 quas
422 2226 534 2300 mitto.
567 2223 700 2300 Addidi
718 2242 752 2298 et
768 2255 833 2320 pro
850 2243 912 2299 tuo
928 2226 1033 2298 xenio

52 2317 179 2396 Galeri
198 2325 447 2396 dulcissimum
464 2329 627 2400 libellum
650 2325 706 2400 his
729 2326 936 2408 diebushic
958 2329 1036 2399 edi·
1094 2399 1099 2406 .

53 2442 126 2498 tum.
173 2423 218 2498 In
232 2425 432 2520 Republica
449 2444 566 2508 motus
587 2433 746 2524 ingentes
762 2447 796 2504 et
812 2447 904 2506 astra
925 2429 1033 2500 mini·

54 2543 174 2614 tantur,
199 2545 234 2602 et
250 2530 388 2602 furores
402 2527 600 2604 hominum.
633 2531 712 2606 Etsi
730 2535 824 2606 enim
840 2545 921 2628 po'st
938 2557 1036 2604 mor-

54 2644 114 2700 tem
133 2623 253 2700 Paulc'
272 2629 386 2702 Tertii
403 2631 428 2730 ¹)
458 2634 496 2703 in
522 2632 662 2706 ltaliam
696 2639 935 2729 profecturum
963 2658 1036 2706 esse

55 2729 293 2822 imperatorem
310 2735 513 2822 ratiocinor‚
540 2751 659 2808 tamen
673 2739 863 2811 Saxoniam
876 2729 1035 2833 Lycaon

57 2845 83 2902 et
104 2825 226 2906 Lacus
244 2831 277 2928 ²)
310 2837 526 2924 movebunt,
559 2863 599 2910 ac
624 2841 811 2934 praecipue
839 2841 1038 2931 significant

59 2937 140 3024 genti
172 2937 369 3010 saxonicae
404 2941 672 3014 coniunctiones
706 2946 797 3018 duae
823 2941 971 3016 Saturni
994 2953 1038 3020 ¹et

59 3034 188 3123 llartis,
213 3063 368 3133 quarum
382 3037 455 3112 un'a
477 3043 546 3114 fuit
568 3044 607 3116 iu
625 3039 841 3138 Aegocerote
856 3039 903 3139 ⁷),
928 3045 1037 3116 altera

58 3133 114 3208 hoc
132 3139 328 3212 Februario
353 3145 421 3213 erit
441 3144 480 3212 in
502 3141 673 3242 Aquario.
725 3146 795 3219 Sed
819 3145 936 3218 Deum
958 3170 1039 3216 ore-

60 3263 138 3324 mus,
166 3257 202 3312 ut
225 3241 404 3313 Ecclesias
432 3247 548 3338 ipsum
574 3273 654 3318 vere
684 3249 890 3319 invocantes
916 3261 1040 3334 servet,

61 3363 112 3411 aec
130 3345 238 3414 deleri
262 3345 356 3417 sinat
380 3348 496 3417 lucem
513 3345 713 3440 Evangelii.
762 3349 861 3422 Bene
884 3351 980 3437 vale,
1006 3363 1041 3419 et

63 3443 184 3518 scribito
207 3447 360 3540 saepius.
426 3447 684 3522 Honestissime
707 3453 851 3544 coniugi
872 3466 954 3524 tuae
975 3476 1040 3546 pro

63 3547 152 3616 caseis
167 3549 302 3640 gratias
313 3573 389 3640 ago.
441 3547 509 3626 Die
523 3549 690 3630 Brumae.

526 3694 530 3702 ·
556 3671 743 3770 Philippus
765 3671 992 3752 Melanthon.

833 4028 863 4089 d.
888 4029 1023 4094 brumae.

816 4119 1040 4152 κον»

382 4206 709 4296 Bdmffiwm

124 4373 199 4447 epac
212 4377 261 4434 aas.
276 4379 313 4435 11.
330 4399 358 4452 p.
370 4379 429 4437 su.
448 4381 870 4460 ua.c0n.1u.11.ep.ssr.).

247 4527 303 4610 1).
328 4534 575 4614 Burcurdo
600 4537 844 4617 Michobto

74 4657 111 4745 S·
130 4679 171 4758 D.
218 4687 260 4757 Iu
279 4703 377 4760 tanto
393 4716 566 4784 concursu
582 4695 866 4788 occupationum,
889 4725 966 4796 ⁴nou
982 4727 1046 4796 po-

35 4869 37 4874 .
76 4779 117 4846 tui
131 4788 232 4858 multa
247 4793 409 4866 scribere.
461 4789 551 4866 Cum
567 4796 711 4889 quidem
727 4813 761 4870 te
776 4817 921 4892 propter
935 4805 1046 4876 excel-

36 4953 37 4996 }
77 4875 185 4956 lentem
205 4893 441 4964 eruditionem
459 4909 493 4965 et
511 4897 676 4968 virtutem
699 4903 802 4970 valde
823 4903 988 4996 diligam,
1013 4921 1048 4978 et

78 4990 172 5057 tecum
187 4995 385 5086 saepissime
403 4997 559 5093 colloqui
575 5001 727 5092 cupiam.
769 5003 910 5098 Species
923 5003 1047 5082 Eccle-

82 5153 279 5182 a*

109 5261 131 5328 1)
146 5263 216 5322 Obiit
231 5270 258 5324 d.
276 5274 317 5328 10.
336 5271 408 5330 Nov·
429 5273 506 5330 1519.

109 5343 261 5412 &Nomina
280 5355 355 5412 dedit
373 5359 408 5414 A.
428 5357 466 5418 D.
507 5359 656 5419 Saubertus
674 5363 895 5423 laberlussa!

112 5427 134 5496 Β)
150 5433 205 5490 Fuit
221 5459 309 5498 meuse
326 5443 479 5499 Februario
499 5447 575 5505 tots.
936 5471 941 5480 “

88 5499 236 5582 Dictura.
251 5522 353 5588 Orrn.
368 5523 450 5591 vor.
467 5519 547 5592 Vll,

618 254 1060 352 DPlflTilhd-RUM
1112 255 1308 342 otuxt.
1334 252 1493 340 ,tm

2003 259 2079 336 614

1081 434 1154 506 siae
1168 433 1269 529 quasi
1283 433 1394 524 magis
1408 425 1645 532 εὐπρόσωπος
1653 433 1803 522 videtur,
1820 436 1907 506 dum
1921 447 1956 506 et
1970 431 2076 508 multi

1083 537 1214 608 eruditi
1238 537 1498 622 voluntatibus,
1530 551 1565 609 et
1590 537 1773 609 sententiis
1793 539 1975 609 coniuncti
1991 541 2077 610 ‘ma-

1083 652 1189 724 nent‚
1211 653 1247 710 et
1260 637 1417 734 colloqui
1431 639 1611 712 interdum
1624 653 1784 731 possunt.
1822 635 1996 712 Existimo
2012 663 2076 712 ou-

1022 812 1026 822 ,
1083 756 1155 812 tem
1176 734 1437 812 Dedetindum
1468 743 1513 812 de
1541 765 1627 812 voce
1650 738 1847 828 Ecclesiae,
1887 757 1931 816 et,
1949 741 2077 814 studiis
2189 765 2192 774 ·

1084 839 1296 914 Academiae
1312 845 1450 936 prolixe
1471 843 1637 915 scribere.
1690 841 1850 934 Singulis
1871 845 2077 938 septimanis

1083 947 1156 1016 fere
1176 941 1261 1015 hinc
1273 946 1449 1021 mittimus
1470 945 1598 1016 vicinis
1620 945 1800 1036 gentibus,
1825 945 1898 1017 imo
1920 959 1955 1019 et
1971 941 2077 1016 Pan-

1021 1099 1031 1120 .
1084 1045 1226 1134 neniis,
1251 1045 1438 1138 Evangelii
1455 1048 1647 1126 ministros.
1688 1043 1735 1118 Et
1755 1073 1796 1118 ex
1809 1049 1966 1142 pagellis,
1990 1071 2078 1143 quas

1083 1151 1203 1236 mitto,
1234 1149 1366 1242 poteris
1392 1149 1549 1220 iudicare
1577 1150 1622 1220 de
1645 1143 1918 1224 Academiarum
1941 1151 2078 1225 studiis.

1084 1251 1195 1344 Spero
1211 1247 1306 1346 μετὰ
1320 1247 1390 1347 τὴν
1404 1247 1578 1346 τελευτὴν
1591 1253 1661 1324 τοῦ
1671 1245 1869 1346 Ῥωμαίου
1885 1247 2079 1352 ἀρχιερέως

1021 1408 1030 1426 .
1083 1349 1228 1428 παύλου
1248 1348 1378 1450 τρίτου
1402 1377 1565 1444 magnam
1592 1367 1791 1426 secuturam
1816 1377 1889 1426 esse
1910 1355 2080 1428 mutatio-

1083 1481 1166 1526 nem
1189 1457 1419 1526 consiliorum
1445 1455 1484 1526 in
1504 1453 1644 1548 Repub.
1704 1453 1748 1526 ln
1764 1451 1920 1528 Austria
1944 1457 2081 1554 suppli-

1084 1559 1178 1629 cium
1195 1561 1240 1628 de
1255 1561 1409 1652 quodam
1424 1553 1567 1630 homine
1583 1575 1705 1628 recens
1721 1571 1901 1654 sumptum
1917 1575 1967 1631 est
1983 1573 2079 1631 atro-

1084 1661 1264 1730 cissimum
1296 1675 1440 1752 propter
1474 1659 1641 1732 violatam
1673 1657 1896 1756 Panegyrin,
1937 1662 1976 1734 in
2011 1685 2080 1758 qua

1084 1763 1346 1860 προσκυνεῖται
1363 1759 1485 1862 ἄρτος.
1536 1757 1691 1834 Oremus
1704 1759 1821 1834 Deum
1841 1777 1884 1836 ut
1904 1787 1970 1834 nos
1985 1775 2082 1854 regat

1085 1879 1120 1935 et
1133 1889 1235 1958 opem
1250 1867 1342 1938 ferat
1355 1861 1533 1938 Ecclesiae
1549 1885 1648 1950 suae,
1671 1887 1736 1936 nec
1751 1865 1845 1938 sinat
1856 1865 1934 1937 fieri
1949 1861 2082 1940 Ethni-

1086 1991 1162 2038 cam
1177 1968 1386 2038 vastitatem.
1435 1963 1532 2037 Bene
1551 1967 1641 2041 vale.
1691 1965 1759 2038 Die
1774 1965 1940 2040 Brumae.
1977 1983 1982 1990 '
2025 2001 2048 2052 ῃ

1187 2067 1230 2140 ln
1247 2070 1327 2139 anta
1344 2067 1576 2142 deliberatum
1597 2067 1667 2142 fuit
1689 2071 1733 2140 de
1757 2069 1878 2162 legatis
1899 2071 2082 2145 mittendis

1085 2183 1231 2264 propter
1250 2159 1461 2246 Corvinum.
2003 2189 2006 2194 ·

1918 2356 2083 2397 *¹4⁴⁸*

1102 2473 1170 2548 No.
1184 2411 1298 2550 4659.

1095 2571 1309 2646 W

1940 2489 1994 2552 16.
2008 2481 2082 2552 Deo.

1941 2575 2081 2604 Μ

1433 2641 1726 2736 lhfwmm

1191 2789 1277 2866 spru.
1293 2787 1343 2847 aa.
1356 2789 1391 2846 v.
1408 2805 1436 2861 p.
1448 2789 1502 2846 seo
1512 2807 1552 2863 ις.

1088 2929 1335 3028 lutcgcrrimo
1366 2928 1481 3016 Viro,
1516 2924 1719 3002 eruditione
1754 2935 1787 2998 ct
1819 2900 1950 3000 virtuts
1976 2951 2086 3026 pruo-

1089 3035 1210 3110 stanti
1216 3033 1386 3106 Domino
1402 3027 1614 3106 Iohanni
1632 3026 1838 3116 Petreio,
1862 3027 1935 3100 civi
1947 3054 1991 3100 ac
2005 3027 2086 3129 Ty-

1133 3131 1328 3238 pographo
1346 3132 1631 3232 Noribcrgcnsi,
1656 3130 1776 3209 amico
1794 3155 1863 3207 suo
1880 3128 2051 3212 colendo..
2079 3191 2081 3198 Α

1092 3272 1141 3362 S.
1160 3285 1205 3360 D.
1257 3283 1486 3375 integerrime
1514 3283 1581 3357 vir.
1637 3278 1729 3352 Cum
1757 3281 1802 3350 de
1829 3275 2027 3372 Republica
2048 3281 2087 3352 in

1092 3388 1344 3482 propagatione
1367 3386 1581 3477 optimarum
1614 3384 1744 3454 artium
1768 3383 1946 3474 praeclare
1969 3383 2088 3454 meriti

1094 3491 1187 3578 sitis,
1214 3491 1317 3558 valde
1333 3489 1514 3578 diligimus
1528 3509 1592 3556 vos
1607 3509 1671 3577 ego
1685 3485 1794 3556 etalii
1814 3483 1854 3552 in
1869 3479 1934 3554 hac
1949 3481 2087 3555 Acade-

1093 3593 1175 3679 mia,
1193 3617 1272 3662 cum
1287 3591 1430 3685 quidem
1446 3589 1567 3660 multis
1582 3588 1765 3658 laboribus
1779 3585 1903 3656 vestris
1917 3587 2088 3659 fruamur.

1094 3693 1141 3766 Et
1153 3695 1338 3766 ostendere
1353 3693 1511 3763 studium
1525 3701 1686 3760 nostrum
1701 3687 1854 3758 vicissim
1870 3687 1973 3758 vobis
1988 3691 2089 3782 cupi-

1094 3820 1186 3867 mus.
1243 3785 1368 3889 ltaque
1400 3793 1444 3864 de
1477 3791 1697 3862 adolescente
1724 3789 1863 3860 locutus
1895 3813 1972 3859 sum
2006 3817 2088 3862 cum

1094 3893 1217 3971 Paulo
1239 3893 1383 3978 Ebcro,
1416 3895 1456 3965 in
1479 3895 1579 3966 cuius
1607 3894 1753 3964 aedibus
1774 3885 1934 3962 habitare
1961 3909 2088 3986 posset,

1095 4018 1131 4074 ct
1149 4025 1223 4073 esse
1242 4001 1433 4072 convictor.
1483 3993 1563 4068 Etsi
1578 4009 1696 4068 autem
1714 4018 1811 4064 nunc
1824 3994 1970 4088 quidem
1986 3985 2090 4066 Pau.

1097 4101 1158 4175 lus
1180 4098 1347 4175 Scholam
1372 4099 1599 4170 domesticam
1627 4121 1702 4170 non
1734 4091 1859 4190 habete
1884 4109 2003 4167 tamen
2027 4121 2090 4170 sua

1097 4207 1212 4278 officia
1241 4204 1343 4276 vobis
1367 4203 1481 4273 defert
1504 4213 1650 4295 propter
1675 4201 1889 4290 singularem
1919 4221 1999 4289 erga
2026 4224 2090 4270 vos

1097 4306 1392 4380 benevolentiam.
1420 4325 1422 4334 ’
1444 4300 1494 4375 Et
1512 4299 1709 4376 authoritas
1733 4327 1783 4371 ac·
1796 4301 1955 4370 eruditio
1975 4293 2094 4372 Pauli

1098 4409 1224 4482 eximia
1240 4422 1303 4490 est,
1328 4433 1369 4480 ac
1384 4430 1457 4478 non
1474 4408 1588 4478 solum
1603 4405 1642 4476 in
1658 4404 1767 4475 latina
1784 4416 1817 4472 et
1832 4425 1954 4493 graeca
1970 4404 2091 4494 lingua

1098 4513 1354 4584 adolescentem
1369 4533 1526 4580 exercere
1543 4508 1660 4600 possit,
1675 4507 1734 4574 sed
1751 4503 1796 4574 ad
1811 4529 1867 4574 eas
1881 4520 1972 4578 artes
1984 4507 2091 4578 etiam

1099 4615 1329 4698 assuefacere,
1362 4635 1448 4706 quas
1470 4603 1703 4700 Philosophia
1729 4607 1907 4694 continet,
1940 4635 2029 4701 quos
2059 4607 2092 4679 ei

1098 4717 1222 4790 amatis
1237 4730 1271 4787 et
1286 4713 1480 4784 illustratis.
1531 4707 1596 4782 Est
1610 4706 1738 4781 harum
1759 4709 1890 4781 ortium
1904 4709 2091 4810 difficultas

1098 4843 1267 4909 magnum
1289 4819 1449 4898 frenum,
1474 4813 1562 4883 utile
1585 4813 1757 4883 moribus.
1810 4810 1851 4880 ln
1876 4809 1995 4881 Gallia
2014 4835 2090 4880 non

1098 4930 1196 4991 tanta
1227 4933 1310 4988 sunt
1338 4917 1454 4988 studia
1483 4911 1756 4988 Mathematum.
1809 4911 1887 4982 Imo
1911 4913 2024 5005 aliqui
2049 4935 2090 4982 ex

1099 5022 1228 5092 nostris
1244 5019 1467 5108 auditoribus
1488 5017 1527 5086 in
1541 5015 1661 5088 Gallia
1683 5019 1847 5086 docentes
1861 5007 2091 5100 Mathemata,

970 5203 977 5218 ·
1099 5120 1167 5194 hoc
1183 5123 1305 5192 labore
1325 5145 1362 5190 se
1377 5135 1629 5194 sustentarunt.
1681 5117 1777 5188 ldem
1800 5115 1993 5207 aliquando
2014 5129 2092 5208 post

1099 5240 1214 5296 vester
1227 5224 1321 5293 filius
1336 5224 1451 5294 facere
1468 5235 1594 5313 posset.
1644 5219 1743 5289 Dcne
1759 5230 1794 5288 et
1807 5217 1958 5288 feliciter
1975 5221 2090 5291 valete

1098 5327 1166 5400 Die
1183 5325 1240 5400 16.
1254 5323 1459 5398 Decembris
1474 5320 1584 5400 1549.

1607 5417 1795 5514 Philippus
1819 5415 2042 5496 Melanthon.

1446 5527 1495 5600 53
