4670 5808
222 235 300 314 02³
791 218 1227 300 lttsuuttuttttt
1251 220 1382 301 :utu
1414 217 1499 296 Xll.
1525 216 1679 294 :tdbis
2188 221 2261 298 set

226 428 366 480 morum
387 398 564 476 Ecclesiae
590 401 778 474 docton‘tm
806 396 934 468 infide
955 409 991 467 et
1011 396 1051 468 io
1073 397 1220 466 invoca-³
1268 415 1367 466 rocos
1388 404 1424 462 et
1445 403 1557 491 mater
1573 415 1652 466 mes
1668 389 1978 486 reliqueramus,
2007 389 2188 469 mntem
2202 417 2263 470 aue

228 511 326 590 tiene
339 505 549 576 intuendum
565 527 649 581 csse,
670 516 712 573 ut
723 523 788 572 nos
801 500 896 592 ipsos
908 523 1030 568 corum
1046 521 1220 568 consensu
1271 510 1343 566 tem
1354 495 1549 586 adsumpsit
1563 517 1631 566 me.
2076 544 2081 562 ,
2099 552 2102 566 ,
2259 540 2262 549 .

227 610 486 683 confirmemus.
518 601 688 676 Eiusdem
701 599 889 688 Evangelii
904 601 1092 684 auditores,
1117 612 1221 668 testes
1369 593 1449 666 Hoc
1477 609 1634 688 tempore
1657 605 1692 666 et
1712 594 1880 686 privatim
1899 595 2157 672 uomentem
2172 611 2263 670 coca

228 727 264 782 et
278 721 531 802 propagatores
538 721 622 776 sunt
639 701 772 783 Adam,
799 696 1002 784 Abraham,
1027 698 1142 784 isaac,
1165 697 1220 768 la·
1271 696 1571 768 iunctissimorum
1590 696 1854 780 distractiones,
1885 697 2181 792 ettpobliocsera
2196 696 2264 770 Ee-

228 815 313 896 cob,
345 809 441 902 quod
471 833 566 876 nttnc
587 805 656 876 Dei
682 795 852 874 beneficio
872 816 974 872 sonat
995 803 1034 871 in
1055 798 1112 872 his
1135 801 1220 890 ipsis
1272 796 1374 870 alesia
1398 799 1505 871 variis
1523 791 1679 868 hostium
1697 798 1888 886 generibus
1899 812 2143 890 oppugnatum
2170 800 2265 872 Tru-

227 908 413 992 Ecclesiis,
445 933 535 1002 quae
557 903 704 978 Lntberi
727 906 944 989 doctrinam,
974 927 1080 996 quam
1102 903 1142 972 in
1162 898 1220 971 his
1272 898 1324 978 ci,
1349 897 1556 983 Pontifices,
1579 895 1695 986 Reges
1716 912 1751 970 et
1771 897 1955 990 Principes
1973 897 2188 974 Pontificum
2210 925 2265 972 sa·

228 1011 514 1083 enarrationibus
547 1023 583 1078 et
613 1008 701 1078 alibi
734 1004 920 1098 proponit,
949 1005 1221 1094 amplectuntur.
1273 997 1419 1084 tellites,
1454 1001 1549 1070 ferro
1574 1013 1610 1068 et
1631 999 1705 1090 igni
1729 999 1848 1072 delere
1873 1023 1950 1070 eam
1972 1015 2162 1076 conantum
2219 999 2266 1076 Et

228 1113 348 1202 Quare
362 1113 466 1182 valde
482 1112 634 1200 prodest,
660 1103 786 1176 horum
801 1105 944 1176 Petrum
960 1104 1220 1174 invocationem
1272 1095 1402 1170 horum
1415 1104 1611 1172 accendunt
1625 1101 1846 1178 irecttndiam
1860 1097 2033 1175 Monachi
2048 1104 2178 1184 etalii,
2205 1103 2264 1196 qui

227 1229 262 1285 et
290 1213 477 1286 conciones
506 1235 608 1300 saepe
640 1221 674 1278 et
697 1209 888 1296 diligenter
908 1207 1148 1287 considerare,
1181 1217 1221 1274 ut
1273 1201 1443 1292 opinione
1465 1202 1676 1274 smditiouis
1697 1203 1736 1273 io
1759 1203 2034 1292 aulisregnant.
2082 1201 2133 1274 Hi
2156 1219 2265 1276 utau-

227 1315 316 1385 scias
337 1327 373 1383 te
387 1337 469 1382 vere
486 1313 620 1382 socium
635 1307 906 1399 redemptionis,
931 1308 1011 1376 lidei
1028 1321 1062 1377 et
1079 1307 1221 1376 invoca-
1272 1302 1359 1374 mati
1384 1303 1571 1374 autoritate
1593 1315 1628 1372 et
1648 1303 1784 1377 maim
1796 1303 2028 1377 multitudiue
2042 1306 2266 1382 masconen-

227 1414 337 1486 tionis
356 1415 532 1505 ipsorum,
563 1425 598 1482 et
621 1405 850 1480 cohaeredem
874 1431 947 1478 esse
961 1409 1093 1496 gloriae
1108 1420 1220 1476 aeter·
1273 1403 1361 1472 tium
1383 1405 1534 1492 grassari
1556 1427 1653 1476 nuuc
1671 1403 1776 1478 latius
1795 1405 1948 1495 possint,
1972 1405 2010 1477 in
2026 1407 2164 1499 synodo
2183 1405 2267 1478 Tri-

226 1540 306 1589 nae.
363 1511 417 1584 Ac
445 1513 605 1582 doctrina
632 1511 869 1594 considerata,
899 1505 1092 1580 Ecclesiam
1116 1505 1221 1576 lacob
1273 1504 1419 1578 dontius
1434 1505 1673 1576 condiderunt
1685 1507 1836 1589 decreta,
1850 1529 2004 1598 quorum
2020 1508 2266 1600 multapalam

225 1619 384 1700 intuere,
424 1613 527 1684 exilia
561 1627 597 1682 et
626 1633 830 1695 aerumnas,
862 1610 959 1680 etin
983 1604 1040 1680 his
1064 1608 1221 1698 exempla
1273 1606 1360 1677 salsa
1380 1619 1481 1690 tunt,
1518 1607 1672 1696 plurima
1693 1629 1778 1676 vero
1802 1607 1991 1701 flexiloqua
2013 1622 2048 1683 et
2068 1603 2267 1700 sophistica,

225 1718 307 1786 iidei
328 1729 362 1786 et
382 1716 532 1785 aliarum
552 1715 745 1795 virtutum,
777 1725 815 1780 et
827 1711 1058 1802 praesentiam
1074 1710 1139 1780 lilii
1154 1708 1221 1780 Dei
1273 1729 1362 1799 quse
1386 1719 1427 1784 ut
1447 1707 1644 1790 stabiliant,
1675 1709 1808 1782 addent
1825 1704 1941 1798 Reges
1964 1709 2077 1782 edicta
2096 1711 2268 1799 sanguine

226 1816 410 1888 liberantis
432 1841 535 1900 euro,
569 1827 604 1884 ct
626 1827 667 1884 ut
688 1815 841 1882 edantur
862 1811 1064 1900 testimonia
1089 1811 1221 1902 pateis·
1273 1807 1415 1898 scripta.
1465 1803 1659 1884 Ostentant
1671 1809 1925 1882 nobistotiam
1941 1833 2074 1893 anuos,
2099 1824 2268 1904 tanquam

226 1919 372 2004 ctionis,
398 1930 432 1988 et
445 1931 485 1988 ut
502 1928 660 1986 servetur
674 1911 843 1985 Ecclesia.
1274 1920 1380 1998 ceput
1398 1903 1595 1998 Gorgonis,
1628 1909 1774 1983 uousina
1798 1907 1996 1996 Ecclesiae,
2029 1909 2269 2004 synodorum,

293 2027 296 2034 ⁴
1274 2031 1464 2080 consensus
1485 2005 1668 2094 catholici,
1700 2010 1831 2102 quibus
1852 2011 1916 2082 etsi
1941 2011 2045 2084 multi
2067 2027 2269 2098 moventur,

325 2115 465 2190 Deinde
483 2128 520 2186 et
541 2115 689 2186 vulnera
713 2110 889 2184 Ecclesiae
914 2111 1065 2182 intuere.
1117 2107 1220 2182 Adeo
1274 2123 1392 2182 tamen
1416 2133 1556 2190 omnes,
1583 2111 1645 2204 qni
1669 2134 1749 2181 vere
1764 2111 1932 2182 invocant
1947 2110 2084 2203 Deum,
2107 2115 2269 2185 fraudem

218 2232 427 2312 grassantur
448 2216 602 2296 diaboli,
632 2230 673 2286 ut
696 2217 800 2286 etiam
823 2215 862 2284 in
886 2208 954 2284 hoc
975 2237 1084 2303 parvo
1106 2226 1222 2297 coetu,
1274 2211 1493 2300 intelligant,
1525 2224 1559 2282 et
1580 2213 1734 2284 refutare
1754 2212 1957 2303 praestigias
1981 2214 2131 2290 discant.
2191 2214 2269 2288 [ua

225 2325 265 2392 in
281 2319 416 2392 familia
432 2315 548 2402 iacob,
571 2317 720 2388 incitent
734 2316 939 2408 praecipuos
954 2315 1049 2384 viros
1064 2315 1106 2384 ad
1123 2327 1221 2384 atro-
1274 2325 1326 2382 est
1347 2313 1468 2400 regula
1492 2313 1648 2387 illustris·¹
1663 2325 1698 2389 et
1712 2312 1883 2398 immota,
1905 2337 1995 2408 quae
2012 2315 2092 2386 illas
2101 2312 2271 2413 γοητείας

225 2426 279 2494 cia
297 2421 444 2493 scelera.
502 2417 682 2489 Polluitur
702 2419 834 2488 incesta
856 2415 1109 2486 consuetudine
1135 2439 1221 2486 cou-
1275 2414 1415 2484 evertit:
1441 2413 1472 2480 si
1487 2414 1567 2505 quis
1581 2413 1679 2486 aliud
1693 2409 1928 2503 Evangelium
1943 2417 2058 2500 docet,
2082 2413 2271 2491 anathema

226 2527 313 2594 iuox
337 2520 447 2614 patris
467 2518 588 2591 ablio.
639 2513 778 2590 Deinde
800 2517 905 2586 multi
920 2528 1096 2586 conantur
1111 2516 1223 2588 inter·-
1274 2513 1330 2586 sit.
1380 2511 1559 2606 Loquitur
1577 2529 1696 2588 autem
1718 2537 1775 2584 res
1790 2515 1884 2606 ipsa,
1910 2518 2097 2590 manifeste
2111 2537 2270 2609 pugnare

196 2627 329 2694 -ticere
349 2623 495 2692 fratrem
509 2614 650 2710 loseph.
701 2618 792 2707 Quis
815 2641 889 2688 oon
906 2613 1120 2687 cohorrescit
1137 2611 1222 2688 haec
1274 2616 1448 2708 quaedam
1464 2613 1675 2687 Tridentiua
1698 2617 1838 2688 decreta
1856 2641 1936 2689 cum
1947 2615 2150 2707 Evangelio
2167 2616 2272 2692 ethis

226 2723 395 2794 immania
424 2722 580 2810 exempla
608 2743 755 2791 cernens
780 2721 818 2789 in
846 2719 909 2790 illa
928 2719 1083 2802 familia,
1116 2741 1222 2811 quatu
1274 2715 1360 2806 ipsis
1383 2715 1542 2786 fontibus
1567 2716 1779 2788 concionum
1802 2711 1989 2805 Abrahae,
2021 2721 2094 2791 ⁴ubi
2124 2721 2271 2795 dicitur:

227 2848 310 2896 sere
334 2845 407 2892 esse
423 2818 617 2892 Ecclesiam
633 2819 702 2891 Dei
723 2815 816 2890 nibil
839 2821 989 2890 dubium
1006 2819 1112 2892 erest
1151 2817 1222 2892 Sed
1275 2810 1624 2888 crediditAbraham
1635 2815 1730 2902 Deo,
1757 2830 1793 2888 et
1812 2819 1982 2909 imputata
2001 2835 2053 2895 est
2071 2821 2272 2900 eiiusticia.

227 2927 306 2996 vult
324 2921 501 3000 uosDeus
524 2943 710 3013 agnoscere
734 2935 889 2992 nostram
906 2920 1165 3004 infirmitatem,
1189 2931 1223 2990 et
1276 2915 1395 3004 Quam
1418 2921 1628 2988 sententiam
1646 2917 1779 2990 Paulus
1801 2941 1842 2991 eo
1865 2920 1966 3005 citat,
1999 2935 2039 2998 ut
2061 2937 2273 3015 pecpetttum

227 3025 415 3117 vigilantes
446 3046 520 3093 esse
546 3035 670 3094 eontra
695 3022 830 3094 diaboli
856 3021 1013 3094 insidias.
1075 3019 1165 3092 Vult
1190 3031 1225 3092 et
1274 3013 1460 3108 Ecclesiae
1484 3042 1694 3097 consensum
1727 3021 1772 3090 de
1806 3020 1874 3095 fide
1899 3024 2110 3102 ostendebat.
2170 3023 2274 3098 Hanc

229 3130 346 3219 lapsos
374 3147 498 3196 rursus
530 3125 617 3212 erigi
642 3125 810 3216 exemplis
835 3123 980 3192 illorum
1003 3143 1224 3194 summorum
1276 3119 1483 3190 concionem
1507 3121 1661 3211 profert,
1692 3144 1783 3214 quae
1806 3120 1920 3210 prima
1936 3145 2097 3213 expresse
2111 3125 2273 3219 loquitur

229 3225 440 3306 hominum,
466 3225 528 3316 qui
546 3249 749 3318 quanquam
765 3245 892 3312 magna
908 3223 1056 3292 vulnera
1072 3223 1225 3314 accepis-
1276 3221 1320 3290 de
1338 3221 1405 3292 fide
1422 3233 1456 3290 et
1470 3221 1513 3290 de
1527 3221 1682 3304 iusticia,
1714 3234 1749 3291 et
1765 3222 1928 3294 adfirmat
1942 3223 2011 3294 lide
2027 3226 2272 3317 accipiendam

230 3343 328 3412 sent,
361 3341 478 3398 tamen
504 3348 627 3400 rursus
649 3326 881 3398 sanctisunt.
945 3321 1129 3396 Praeterea
1160 3322 1225 3394 etsi
1278 3341 1350 3392 esse
1381 3321 1669 3412 promissionem,
1693 3336 1745 3392 'ct
1777 3347 1858 3397 cum
1891 3317 1957 3392 hnc
1987 3325 2056 3402 lide
2081 3329 2273 3418 acquiescit

231 3429 364 3502 multos
379 3422 496 3504 hostes
506 3422 616 3503 babet
630 3423 755 3510 Iacob,
780 3438 899 3496 tamen
913 3423 1159 3498 intestissimos
1174 3437 1226 3494 est
1277 3417 1386 3492 homo
1405 3423 1443 3492 in
1466 3423 1681 3508 mediatore,
1711 3447 1793 3500 vere
1812 3425 1980 3516 imputari
1997 3425 2194 3512 iusticiam,
2222 3433 2273 3500 vi-

232 3533 340 3604 lratcr
353 3525 490 3612 Esau„
504 3528 566 3621 qni
581 3539 708 3596 natura
726 3527 759 3596 ei
778 3527 958 3617 proximus
974 3538 1045 3608 est,
1071 3539 1106 3596 et
1118 3525 1226 3594 disei-
1278 3523 1405 3596 delicet
1418 3525 1496 3594 dari
1512 3524 1753 3601 remissionem
1765 3539 1987 3616 peccatorum
1999 3541 2037 3602 et
2050 3531 2273 3606 reconciliari

232 3633 332 3724 plina
344 3644 491 3723 paterna
503 3632 552 3702 ‚ad
570 3630 718 3699 eandem
734 3628 987 3718 professionem
1001 3627 1045 3696 de
1060 3623 1155 3708 Deo,
1180 3627 1225 3699 ad
1278 3618 1460 3708 bominem
1475 3638 1622 3716 propter
1636 3625 1879 3712 mediatorem,
1905 3639 1940 3698 et
1955 3621 2051 3700 hunc
2067 3629 2187 3722 ipsum
2203 3659 2274 3704 me-

235 3735 380 3806 caudsm
397 3731 676 3814 invocationem,
701 3741 735 3798 et
750 3731 793 3800 ad
809 3729 969 3799 omnium
984 3728 1158 3798 virtutum
1172 3727 1227 3798 of·
1278 3726 1450 3794 diatorem
1466 3725 1505 3796 in
1521 3750 1562 3796 co
1578 3726 1750 3796 efficacem
1765 3750 1854 3812 esse,
1878 3741 1913 3801 et
1928 3753 2012 3804 voce
2026 3733 2274 3822 promissionis

232 3834 312 3925 ficia
329 3826 522 3902 institutus.
561 3830 612 3903 Ita
631 3855 710 3920 cum
726 3831 853 3903 usitata
871 3830 916 3900 sit
928 3829 967 3900 in
981 3824 1138 3900 Ecclesia
1154 3828 1227 3897 di's-
1280 3840 1314 3896 et
1336 3825 1473 3917 Spiritu
1503 3849 1566 3898 suo
1588 3841 1714 3912 ,sancto
1734 3831 1923 3908 accendere
1943 3851 2072 3910 novam
2100 3835 2220 3911 lucem
2240 3851 2276 3908 et

237 3934 361 4008 tractio
386 3923 615 4020 cognatorum
638 3945 674 4002 et
693 3931 907 4010 amicorum,
938 3929 1229 4020 praeparandi‘et
1281 3928 1554 4010 obedientiam·
1573 3929 1667 4009 etin
1683 3931 1790 4009 corde
1804 3953 1921 4019 pacem
1938 3933 2214 4029 efficere„quae
2227 3951 2274 4008 est

236 4033 471 4106 confirmandi
491 4033 722 4116 contesimi,
754 4047 795 4103 ut
815 4027 915 4104 'hunc
929 4031 1106 4120 ingentem
1126 4031 1228 4100 dolo·
1281 4028 1424 4099 initium
1457 4029 1549 4098 vitae
1581 4043 1753 4103 aeternae.
1813 4029 1917 4109 Hauc
1939 4046 2048 4114 tutam
2075 4037 2274 4110 doctrinam

238 4158 330 4218 mm,
365 4155 474 4225 meto
505 4132 676 4208 acerbitas
702 4133 798 4222 parit
828 4155 971 4216 eorum,
1002 4132 1064 4224 qui
1090 4133 1230 4202 lucrant
1281 4129 1461 4220 propriam
1474 4125 1652 4210 Ecclesiae
1670 4128 1757 4214 Dei,
1790 4145 1952 4222 quaeest
1975 4148 2099 4224 portus
2121 4153 2274 4210 etsom·

237 4231 537 4313 coniunctissimi,
555 4233 737 4322 sapienter
749 4235 915 4309 xieramus.
931 4247 949 4284 ·'
965 4232 1113 4313 Nullum
1135 4248 1229 4305 atro·
1282 4251 1340 4300 ma
1374 4231 1567 4302 consolatio
1598 4231 1757 4322 piorum,
1791 4249 1825 4300 et
1857 4253 2014 4324 expresse
2040 4235 2092 4309 in,
2108 4233 2179 4310 boc
2201 4241 2274 4330 ipso

234 4339 313 4408 cios
330 4335 460 4407 vulnus
477 4347 547 4418 est,
579 4327 923 4424 inquitSophocles,
958 4359 1063 4426 quam
1081 4334 1229 4406 defectio
1283 4332 1395 4416 libro,
1419 4344 1469 4413 „et
1498 4333 1662 4424 deinceps
1684 4332 1722 4414 in
1746 4333 1885 4424 scriptis
1905 4332 2123 4426 propheticis
2145 4343 2274 4412 tradita

239 4437 354 4512 amici.
417 4433 467 4508 Et
498 4449 582 4512 sunt
606 4428 853 4532 io.prophetis
878 4435 1062 4525 quaerelae
1087 4436 1230 4509 similes.
1284 4433 1504 4505 stillostrata
1522 4447 1593 4516 cst,
1623 4434 1852 4516 audacissime
1867 4435 2030 4509 obruunt
2041 4438 2100 4513 isti
2114 4439 2276 4532 Areopa

238 4535 329 4608 Cum
352 4550 469 4614 autem
485 4535 692 4626 exemplaet
707 4537 751 4608 de
770 4535 884 4610 causis
900 4533 1023 4606 talium
1042 4554 1230 4609 aerumna-
1266 4535 1374 4622 ¹gilae
1396 4532 1599 4605 Tridentini
1630 4535 1809 4618 contrario
1840 4537 1978 4609 decreto
2005 4539 2118 4630 impio
2138 4555 2178 4612 et
2196 4567 2276 4614 exe·

240 4637 579 4736 rutn2uosdoceant
603 4650 637 4707 et
660 4649 861 4723 monstrent
876 4635 1151 4715 consolationes,
1178 4635 1231 4709 le·
1285 4636 1429 4716 orando.
1480 4633 1610 4720 iubent
1633 4635 1729 4709 euim
1751 4627 1873 4708 omnes
1894 4631 2059 4722 homines
2075 4665 2223 4712 manere
2238 4648 2274 4712 in

240 4739 330 4810 ctori
351 4737 509 4808 dolorem
527 4737 689 4814 leniunt,
728 4733 777 4808 Et
791 4737 953 4828 superbia
968 4748 1037 4820 est,
1061 4738 1230 4816 omisere
1284 4736 1516 4816 dubitatione.
1570 4733 1621 4807 lta
1636 4731 1835 4824 hoctotum
1849 4741 2008 4828 caputio
2023 4738 2199 4833 Syrobolo
2216 4747 2276 4814 de-

237 4841 336 4922 nolle
355 4845 527 4930 een-,quae
541 4835 602 4914 alii
617 4837 778 4910 meliores
791 4840 967 4922 tulerunt,
989 4833 1098 4921 Abel,
1125 4835 1232 4923 Isaac,
1284 4837 1373 4919 lent:
1399 4838 1518 4920 ,credo
1553 4835 1798 4920 rchssionem
1832 4855 2068 4928 pcccatorum
2109 4843 2186 4914 imo
2220 4847 2275 4916 in-

232 4939 366 5026 lecob,
387 4934 524 5030 ,loseph
542 4937 675 5014 etalii
727 4937 886 5011 Sciamus
901 4937 978 5018 Deo
994 4939 1232 5030 placarsobes
1282 4939 1435 5030 quiante
1461 4961 1535 5022 non
1559 4941 1686 5028 credo,
1710 4940 1931 5021 seddubito.
1953 5014 1957 5023 ,
1981 4938 2052 5024 Hic
2068 4947 2276 5016 nanifestos

222 5033 411 5120 ¹dientiam
426 5055 459 5113 et
474 5040 584 5122 animi
599 5039 875 5116 moderationem
892 5041 930 5110 in
945 5041 1079 5113 talibus
1092 5061 1231 5113 aerum-
1285 5053 1320 5118 et
1340 5039 1678 5135 perniciosus„ch
1701 5041 1874 5126 ostendit,
1898 5054 2041 5122 autoses
2061 5043 2190 5117 talium
2214 5049 2276 5118 de-

242 5145 298 5222 nis
318 5143 551 5233 perferendis,
578 5153 612 5210 et
635 5139 768 5210 interea
792 5161 858 5210 nos
873 5142 940 5231 ipsi
957 5142 1029 5214 tilio
1044 5139 1113 5212 Dei
1125 5157 1231 5218 curae
1284 5136 1698 5226 cretosumlbosteqpsse
1720 5137 1899 5212 Ecclesiae
1923 5139 2011 5227 Ilei,
2045 5157 2081 5214 et
2098 5146 2197 5216 abuti
2221 5144 2275 5218 his

242 5265 334 5324 asse,
360 5237 456 5334 hunc
479 5265 551 5314 esse
572 5241 710 5314 fidelem
729 5239 1104 5319 etfirmumamioum.
1152 5239 1229 5323 Hac
1286 5241 1506 5324 nominibus,
1541 5237 1735 5330 Ecclesiae,
1772 5239 1907 5334 Synodi
1939 5255 1974 5314 et
1998 5239 2163 5317 catholici
2190 5272 2275 5318 con»

241 5367 278 5412 se
299 5339 538 5414 consolatione
561 5340 676 5416 David
699 5343 870 5433 erigebat,
911 5341 1093 5434 inquiens:
1133 5355 1231 5444 pater
1284 5364 1436 5416 seusus.¹
1466 5339 1540 5417 Nee
1552 5338 1729 5428 Ecclesiae
1746 5344 1945 5426 doctrinam
1961 5361 2189 5438 proponunt,
2214 5351 2273 5420 sed
