4670 5808
65 301 141 376 sot
635 289 1083 372 EPISTULARUM

69 471 210 543 ditione
221 468 538 558 Wurtebergensi,
565 489 654 564 quae
670 463 849 548 veteribus
859 469 1067 538 nominatur
1083 487 1086 496 ⁴

70 571 342 646 Charitinorum
361 574 470 662 regio,
488 567 665 642 Ecclesiae
682 596 778 642 nunc
788 571 931 664 quidem
938 563 1064 666 χάριτι
1082 581 1085 590 ⁴

66 675 168 747 θεοῦ
185 675 400 770 tranquillae
415 689 509 743 sunt.

587 813 1014 914 PhilippusMelantbon.
1042 810 1045 818 ⁴

62 1229 135 1300 No.
151 1227 265 1301 4988.

72 1323 252 1352 Μ

410 1425 475 1511 io.
505 1421 714 1544 serpedo.
821 1535 825 1544 ι

138 1601 228 1654 Dana.
243 1619 302 1672 epp.
316 1600 349 1654 ed
367 1599 461 1672 Stigei.
473 1619 518 1671 ep.
532 1600 576 1655 ot.
611 1599 684 1652 Cati.
699 1595 785 1652 Golia.
801 1599 859 1652 tes.
875 1612 916 1674 ep.
934 1593 993 1655 12⁹2
1012 1636 1014 1644 ·

60 1752 98 1830 C
97 1755 295 1830 latissimo
311 1759 405 1848 viro,
432 1753 636 1828 eruditione
651 1765 682 1826 el
701 1753 828 1827 virtue
840 1744 1060 1854 praestanti,

59 1856 118 1934 D.
150 1858 329 1930 [earini
353 1857 725 2034 Sligelgobsmm
743 1883 812 1928 suo
838 1859 1061 1946 carrissime,

60 2095 267 2182 carissime
284 2112 401 2179 irater.
453 2107 601 2197 Quoties
623 2109 730 2180 audio
754 2110 934 2180 iuniorum
956 2111 1060 2180 stanes

60 2237 125 2294 ra,
154 2213 258 2280 doleo
274 2237 329 2279 me
347 2225 417 2280 tarn
435 2213 496 2280 diu
512 2213 550 2278 in
574 2207 640 2280 boc
657 2235 794 2280 carcere
810 2211 970 2280 retineri:
998 2215 1056 2280 sed

58 2313 143 2384 Deo
168 2315 484 2402 obtemperandum
508 2325 568 2381 est.
620 2309 764 2403 Eripuit
786 2313 890 2382 nobis
914 2309 971 2382 hic
995 2337 1059 2382 au-

58 2439 134 2484 nus
149 2415 448 2504 ingeniosissimos
461 2413 575 2492 viros,
598 2406 841 2482 Martiarum
849 2410 879 2482 I
877 2427 1058 2498 reooeum,

59 2515 383 2604 iurisconsultum‚
419 2503 632 2583 Cornelium
652 2512 876 2586 Sittordom.
938 2515 1056 2585 Medi-

57 2643 168 2698 cum,
195 2618 288 2706 apud
312 2641 373 2684 vos
394 2611 612 2708 Nicolaum,
640 2641 760 2686 recens
785 2618 925 2707 Lipsiae
947 2618 1079 2712 filium

56 2714 269 2810 pastoris¹).
318 2715 459 2787 Omitto
477 2720 843 2788 commemorationem
866 2720 1057 2802 seniorum,

55 2815 206 2888 Buceri
225 2835 259 2888 et
283 2819 445 2889 aliorum.
507 2817 577 2889 Sed
600 2845 739 2889 oremus
764 2821 876 2889 filium
902 2820 984 2900 Dei,
1018 2831 1054 2890 ut

55 2917 437 2990 seminariaEcclesiae
453 2935 576 2993 servet.
627 2916 1057 2992 DediDoctoriPontnno

56 3023 250 3114 epistolam
282 3045 322 3090 er
343 3019 443 3092 ltalia
471 3024 595 3090 adme
618 3024 784 3115 scriptam
810 3019 892 3118 arpi
915 3020 1054 3115 μανίας

54 3122 122 3194 καὶ
139 3117 394 3218 ῳρενοληψίας
409 3120 688 3212 Monachornm,
718 3129 809 3196 etde
827 3149 945 3207 aarum
970 3147 1053 3214 gea-

55 3227 151 3294 tium
177 3225 345 3297 tenebris.
398 3223 548 3293 Moveor
569 3227 639 3294 illis
663 3227 846 3316 erenrplis,
880 3241 919 3294 nt
945 3227 1052 3314 magis

54 3351 219 3416 sperem,
251 3325 362 3396 Deum
385 3328 589 3396 adiuturum
620 3350 694 3396 esse
722 3329 851 3397 nostris
874 3325 1052 3412 Ecclesiis,

55 3429 94 3497 in
114 3429 250 3520 quibus
265 3425 421 3496 studium
438 3441 490 3497 est
509 3429 682 3514 veritatis,
709 3430 843 3498 etiarnsi
857 3429 982 3520 iugens
997 3430 1051 3496 in-

52 3529 220 3598 firmitas.
278 3527 345 3598 seo
370 3529 453 3612 scis,
477 3555 599 3598 vocem
622 3529 779 3598 divinam
804 3553 903 3599 essez·
922 3553 969 3599 ex
993 3553 1052 3598 oro

54 3629 271 3728 insanitum
295 3637 327 3696 et
350 3625 560 3698 lactentium
581 3629 768 3730 perfecisti
784 3627 942 3703 laudem.
995 3634 1051 3701 De

50 3731 243 3802 Ciceronis
260 3730 415 3822 epistolis
430 3733 570 3801 statuite
586 3749 701 3803 vestro
717 3733 876 3806 arbitrio.
918 3732 1048 3820 Magna

48 3857 140 3926 pars
162 3832 353 3922 sapientiae
377 3827 551 3902 humanae
575 3849 626 3903 est
653 3835 691 3904 in
717 3835 872 3927 epistolis
894 3837 1050 3925 pruden-

49 3951 147 4006 tum.
203 3931 286 4000 ideo
303 3934 474 4021 optarim,
500 3957 557 4003 eas
574 3936 649 4019 edi,
674 3937 750 4004 sine
767 3939 852 4005 meis
868 3951 902 4008 et
916 3937 985 4031 mei
1002 3939 1049 4016 si-

46 4037 200 4105 milium
216 4035 369 4123 ineptiis.
421 4035 579 4104 Scribam
598 4037 639 4104 ad
659 4050 690 4104 te
711 4039 797 4106 alias
813 4034 930 4131 pium
971 4034 1047 4107 aie

48 4159 151 4206 cesse
166 4147 218 4202 est
234 4135 291 4202 edi
310 4149 566 4228 tnapoernata,
589 4138 787 4231 collectam
812 4164 927 4208 unum
946 4139 1047 4208 volu-

47 4261 140 4306 rnen
163 4249 223 4304 aut
243 4231 402 4329 plura²).
464 4226 552 4305 Nam
585 4253 617 4307 et
644 4224 857 4328 expetuntur
879 4243 1046 4329 exempla,

48 4355 87 4408 et
102 4363 178 4405 non
195 4352 277 4407 sunt
293 4338 426 4428 reliqua
446 4339 482 4406 iu
500 4331 723 4429 Bibliopolis.
775 4336 831 4410 De‘
846 4335 1046 4407 Malloeam-

46 4455 132 4510 turn
149 4437 303 4510 Doctore
320 4442 507 4518 nomdecet
523 4444 848 4539 noiggpoyppmaig
864 4444 954 4532 apud
967 4465 1046 4514 nos.

47 4539 101 4610 Et
123 4539 216 4616 scio,
245 4541 344 4608 vobis
372 4563 445 4608 non
469 4543 806 4630 deessemonsilinm.
861 4541 1046 4612 Erasmus

46 4634 267 4712 Iteinhotde
289 4641 374 4728 petit
386 4641 439 4708 sui
457 4644 572 4722 fratris
590 4645 802 4724 mentionem
821 4646 905 4726 lieri.
957 4641 1044 4731 Mc,—

48 4743 143 4810 nios
159 4731 271 4818 iiliiirb
291 4728 742 4824 fortassis'itarilidendali‘iil
756 4767 760 4777 ’
787 4737 846 4835 Et:
857 4723 941 4814 isttc'
954 4744 1043 4837 petit

44 4825 705 4938 Segr'smundasi'ly“ittrobttrg'daltt'tj'
743 4841 809 4916 'Est
847 4841 1043 4939 bii'iborbp

45 4937 237 5051 excellens¹
253 4937 404 5061 ingenili(
420 4935 702 5053 'eise'i'uditioaeJ
719 4941 894 5019 liticine!
913 4941 1042 5020 Neon·
1063 5018 1066 5041 ,

379 5067 386 5084 ,
457 5040 512 5080 .Ι
625 5072 630 5082 .

39 5133 278 5196 ν--ν-ῃ
300 5133 323 5174 2·
341 5159 345 5176 .
429 5129 503 5180 om
523 5119 528 5173 3
551 5090 567 5179 :ss
585 5140 602 5180 ¹!
770 5121 815 5180 ‚a
838 5170 843 5180 .
868 5149 882 5179 ·,
904 5146 921 5180 ‹-
973 5149 977 5156 ·

82 5230 302 5308 „murgum
331 5215 396 5280 [ni
417 5252 448 5278 ιιι
473 5218 548 5296 'pol
601 5219 751 5284 ,itt-''iiil
778 5245 808 5285 ..t
829 5247 880 5282 'itm
928 5270 932 5282 .

80 5319 754 5425 metamaucenses.unauna:¹··÷·
783 5358 849 5382 ·
898 5361 900 5366 ·

78 5437 352 5510 gpfflvmpemg,
471 5445 548 5482 ':..
602 5445 617 5482 5·
672 5445 772 5506 ¹⁸1³·
850 5465 855 5478 .

1100 289 1227 370 aus
1250 291 1335 369 an.
1389 287 1519 372 raet.
2031 259 2137 378 aar

1113 459 1200 553 dtr,
1230 465 1406 538 urbisin
1435 461 1802 546 Valle'loadsiaaeai
1856 463 2011 546 Gaudeo
2040 481 2115 548 tam

1114 570 1249 642 mltos
1277 569 1428 660 reperiri
1450 564 1578 640 barunt
1611 570 1742 640 artioni
1771 565 1960 646 Doctores.
2014 565 2115 648 Bene

1119 673 1206 741 me·
1806 767 2009 866 Philippus.
2071 738 2097 766 ἰ

1912 1143 1986 1226 (boo
1997 1143 2108 1230 temp.)

1929 1231 2101 1264 *m

1410 1333 1479 1424 Io.
1494 1317 1819 1454 'Pfeffinpera

1047 1542 1052 1552 .
1142 1516 1146 1524 ·
1182 1493 1250 1548 etet.
1271 1489 1370 1550 Select.
1386 1492 1464 1564 epist.
1489 1511 1518 1564 p.
1529 1494 1590 1549 808.
1627 1491 1709 1621 {ipim
1725 1492 1842 1618 “hibi
1868 1490 2106 1560 suapeheim.

1218 1561 1264 1624 aa.
1279 1561 1325 1630 aa
1349 1563 1433 1620 ‚eat
1470 1563 1569 1618 auus
1584 1563 1618 1626 a,
1839 1529 1948 1617 ianr.
1964 1561 2012 1617 tv.
2036 1561 2107 1615 eta

1110 1629 1130 1650 '¹
1155 1625 1175 1650 ¹¹
1196 1629 1301 1688 'eiutdl
1344 1631 1476 1688 colamatt.

1116 1781 1325 1858 Iohanni
1348 1738 1676 1887 Psessingeitn
1701 1782 1855 1860 Pastori
1866 1781 1976 1884 Lips.
2002 1787 2040 1866 S.
2058 1786 2106 1864 D.

1112 1923 1199 2008 ideo
1216 1935 1313 2010 Deus
1329 1933 1487 2007 bumano
1505 1934 1624 2030 generi
1641 1933 1801 2040 'oropyoic
1816 1939 1965 2026 indidit,
1980 1955 2019 2011 ut
2034 1941 2106 2009 sint

1114 2041 1466 2110 commonefactioues
1490 2043 1533 2110 de
1551 2040 1693 2132 ingenti
1717 2067 1837 2110 timore
1858 2065 1923 2114 sno
1946 2063 2025 2130 erga
2041 2040 2105 2111 Fi-

1112 2143 1200 2212 lium
1224 2157 1257 2211 et
1279 2165 1356 2231 erga
1372 2166 1458 2225 nos,
1482 2157 1522 2212 ut
1538 2137 1609 2213 sint
1628 2138 1768 2212 vincula
1785 2141 1960 2214 societatis
1976 2139 2104 2213 buma-

1113 2269 1189 2315 nae.
1239 2240 1329 2314 Vult
1352 2244 1459 2330 igitur
1481 2245 1582 2313 adlici
1607 2268 1672 2312 nos
1690 2243 1864 2312 desiderio
1888 2257 2104 2328 nostrorum,

1112 2361 1144 2416 et
1159 2345 1197 2412 in
1210 2343 1308 2414 luctu
1327 2345 1487 2435 pietatem
1506 2347 1641 2438 probat.
1693 2343 1785 2416 Sunt
1807 2357 1923 2414 autem
1946 2345 1983 2412 in
2008 2345 2103 2437 opti-

1111 2447 1178 2514 mis
1197 2447 1331 2517 naturis
1347 2443 1500 2546 στοργαὶ
1518 2448 1760 2540 expressiores.
1810 2444 1929 2534 Quare
1944 2472 2017 2514 non
2034 2449 2103 2515 du-

1111 2547 1185 2616 bito
1201 2561 1255 2634 te,
1278 2549 1406 2616 amisso
1424 2549 1496 2617 lilio
1520 2545 1601 2644 (tali
1623 2549 1827 2640 praesertim
1844 2547 1940 2632 viro,
1967 2549 2005 2616 in
2030 2573 2102 2640 quo

1677 1563 1695 1623 l,
1711 1580 1775 1634 opp.

1111 2673 1183 2720 nou
1201 2663 1339 2720 tanturn
1357 2649 1495 2738 indoles
1510 2651 1731 2732 laudabatur,
1747 2651 1808 2718 sed
1818 2650 1880 2742 qui
1893 2663 1926 2720 et
1939 2650 2101 2718 omnium
2126 2669 2131 2678 ⁴

1109 2749 1238 2820 artium
1262 2751 1423 2820 doctrina
1446 2752 1603 2820 excnltns
1626 2766 1719 2837 erat,
1744 2763 1779 2819 et
1798 2775 1872 2820 non
1896 2749 2012 2822 solum
2036 2775 2100 2822 ua-

1109 2867 1187 2922 tura
1212 2853 1256 2920 ad
1281 2851 1447 2922 virtutem
1480 2853 1712 2940 incitabatur,
1743 2855 1804 2920 sed
1837 2853 1941 2922 etiarn
1975 2851 2101 2922 divino

1108 2952 1234 3046 spiritu
1253 2954 1455 3044 regebatur,
1470 2967 1504 3024 et
1519 2955 1587 3022 iam
1605 2958 1642 3024 in
1661 2949 1729 3023 hoc
1746 2953 1901 3050 studium
1920 2954 2100 3044 ingressus

1108 3069 1204 3138 erat,
1229 3056 1290 3123 ubi
1308 3055 1489 3144 ingenium
1508 3055 1582 3142 eius
1599 3057 1641 3124 ad
1664 3056 1793 3124 artium
1811 3045 2099 3146 propagationem

1106 3157 1331 3258 profuturum
1358 3153 1448 3250 erat)
1470 3181 1597 3246 magno
1620 3158 1656 3224 in
1674 3157 1796 3225 dolore
1819 3179 1903 3228 esse.
1951 3155 2031 3246 Qua
2056 3157 2098 3226 in

1107 3283 1144 3326 re
1169 3283 1241 3326 non
1272 3259 1432 3352 equidem
1462 3283 1586 3328 accuso
1612 3257 1798 3330 mollitiem
1825 3257 1934 3326 animi
1958 3257 2030 3336 tui,
2059 3280 2099 3327 ac

1107 3361 1269 3452 pietatem
1295 3361 1415 3460 potius
1439 3383 1588 3450 agnosco
1615 3376 1649 3430 et
1673 3362 1803 3450 probo,
1829 3371 1862 3430 et
1886 3373 2001 3430 tecum
2024 3360 2099 3450 ipse

1107 3461 1207 3529 valde
1223 3462 1346 3552 doleo3
1365 3487 1444 3530 cum
1461 3475 1533 3548 tua,
1550 3459 1850 3554 tumliepublicae
1865 3484 1978 3543 causa,
1994 3483 2096 3550 prae,-

1104 3563 1225 3632 scrtim
1249 3588 1327 3630 cnm
1350 3563 1491 3631 videam
1514 3565 1551 3632 in
1574 3559 1639 3632 hac
1661 3563 1832 3653 paucitate
1847 3575 1940 3655 recte
1957 3561 2096 3632 discen-

1104 3665 1212 3750 tium,
1241 3659 1418 3733 Ecclesiae
1434 3665 1596 3734 defutura
1611 3685 1683 3732 esse
1695 3664 1882 3756 seminaria
1897 3654 2096 3735 tectorum.

1103 3765 1173 3837 Se'd
1198 3781 1316 3836 tamen
1339 3791 1403 3858 pro
1427 3767 1597 3856 sapientia
1620 3779 1680 3836 tua
1706 3765 1772 3833 scis
1788 3779 1966 3856 utrunque
1981 3789 2000 3832 a
2015 3759 2094 3850 Dep

1104 3867 1275 3962 praecipi,
1301 3879 1335 3938 et
1348 3881 1388 3936 ut
1402 3867 1602 3956 lugeamus,
1633 3880 1666 3936 et
1689 3881 1728 3936 ut
1748 3867 1794 3959 sit
1810 3867 1936 3933 modus
1949 3865 2095 3936 moesti-

1103 3971 1183 4039 tiae.
1240 3967 1293 4040 Ac
1325 3970 1478 4062 primum
1504 3981 1714 4052 statuamus,
1744 3992 1823 4035 cum
1856 3961 1922 4034 hos
1946 3981 2096 4041 everrtus

1101 4061 1174 4164 ¹regi
1188 4071 1310 4138 divino
1329 4071 1476 4167 copsilio
1493 4081 1625 4140 certum
1642 4071 1704 4154 sit,
1720 4067 1999 4138 flectendosesse
2015 4069 2093 4142 aui-

1101 4197 1175 4240 mos
1192 4171 1235 4238 ad
1252 4169 1488 4240 obedientiam
1504 4169 1580 4240 Deo
1595 4173 1769 4254 debitam,
1791 4185 1829 4240 ui
1847 4172 1951 4240 etiam
1972 4171 2010 4238 in
2029 4170 2093 4238 ad'-

1101 4273 1211 4344 versis
1229 4273 1332 4340 rebus
1351 4271 1381 4338 ei
1401 4273 1536 4362 placide
1554 4277 1848 4370 obtemperemus.
1860 4356 1874 4373 ,Ι

1191 4401 1589 4500 Noniarndei'bysicis
1605 4407 1718 4475 musis
1735 4404 1993 4483 mortisdicam.
2011 4399 2091 4487 Etsi

1097 4499 1224 4586 aestuis
1251 4509 1496 4583 astronomia
1516 4507 1638 4581 multis
1657 4507 1809 4589 morbis,
1831 4519 1950 4574 tamen
1972 4520 2010 4578 et
2027 4531 2092 4574 vo·

1094 4613 1268 4690 ineuntem
1291 4608 1359 4683 Dei
1382 4612 1603 4691 intueamur,
1619 4617 1622 4626 '
1637 4621 1670 4676 et
1691 4632 1766 4680 non
1789 4607 1877 4700 quid
1902 4607 2007 4677 nobis
2031 4631 2091 4696 ac7

1092 4713 1223 4792 tiderit
1238 4707 1474 4791 incommodi.
1496 4709 1558 4780 sed
1580 4711 1622 4776 ad
1639 4734 1729 4800 <pisae
1744 4711 1856 4796 laona,
1883 4733 1924 4778 ex
1940 4704 2005 4780 bac
2021 4709 2090 4778 mi-

1094 4838 1174 4888 sceo
1190 4814 1280 4896 uita,
1303 4827 1338 4884 et
1362 4810 1737 4904 quidemtristissimis
1762 4811 1981 4899 temporibus
2003 4833 2089 4887 eno,-

1091 4925 1196 4992 datus
1215 4915 1279 4998 sit,
1301 4915 1575 4992 consideremus.
1626 4911 1902 5000 Namsiipsum
1930 4934 2009 4980 vere
2031 4911 2088 4978 di-
2187 4911 2190 4918 ’

966 5055 969 5062 ’
1090 5016 1480 5093 luiutn,³avendum
1496 5029 1547 5092 est
1565 5015 1647 5092 cias,
1661 5016 1774 5094 botris.
1827 5011 1902 5098 imo
1925 5011 1954 5083 si
1976 5013 2088 5082 senti-

1096 5140 1174 5184 mus
1202 5140 1320 5184 veram
1350 5139 1423 5183 esse
1452 5113 1631 5187 Ecclesiae
1653 5117 1886 5200 doctrinam,
1917 5113 2086 5201 gratulari

1028 5266 1032 5282 .
1088 5217 1166 5306 ,ipsi
1178 5217 1341 5296 rostatis
1355 5216 1574 5296 Academiae
1591 5217 1881 5286 consuetudinem
1907 5215 2087 5299 debemus',

1003 5371 1006 5378 .
1027 5370 1031 5388 .
1091 5319 1216 5411 ianua
1231 5343 1305 5394 non
1318 5319 1386 5395 iam
1402 5320 1534 5399 dilutos
1545 5317 1681 5398 pivulos
1697 5317 1899 5404 sapientiae,
1915 5331 1955 5388 ut
1972 5318 2007 5405 in
2019 5311 2085 5401 bac

1026 5451 1030 5480 a
1058 5423 1062 5512 j
1087 5420 1164 5494 eiu
1175 5420 1317 5500 ‚raihta
1334 5423 1532 5516 sed'cpram
1549 5418 1679 5496 inuitur
1695 5419 1865 5504 immenso
1881 5439 1921 5490 ac
1935 5412 2086 5532 parissi,
2190 5483 2193 5490 ,
