4658 5818
66 251 131 322 817
626 243 1059 328 EPISTOLARUM
1110 242 1219 323 utu.
1248 243 1333 322 ΧΠ.
1385 243 1518 324 1661.
2013 258 2088 339 818

63 417 160 513 plecti
180 430 214 490 et
234 419 425 490 secondum
447 417 625 504 tabulam,
649 443 731 492 cum
748 419 798 492 ait
812 413 906 511 μετὰ
921 410 1043 511 lodan-
1094 428 1251 488 servatus
1274 416 1312 488 io
1337 417 1456 510 priore
1476 421 1587 508 bello,
1613 447 1693 496 enm
1715 429 1760 498 ab
1776 426 1945 520 Hispanis
1962 434 2087 506 vulue-

63 543 127 602 τος.
177 519 233 590 Sit
249 533 364 592 autem
381 521 543 592 ordinata
558 521 762 613 aequalitas.
811 521 902 590 Nam
919 515 1044 590 haere-
1095 531 1192 588 ratus
1209 532 1308 589 esset.
1357 516 1464 592 Hunc
1481 525 1670 598 nobisiam
1687 528 2088 626 illundidebnrgense

63 624 119 692 tici
134 635 214 690 suot
227 621 325 690 abrasi
345 615 411 690 hac
429 621 653 704 delinitione,
677 621 768 694 sicut
782 619 1045 712 Anabaptistae,
1095 619 1296 708 contagium
1316 621 1471 695 abstulit.

63 748 136 792 cum
175 722 307 790 iaciunt
349 721 567 792 barbaricam
605 714 777 816 lucianea,
826 723 1044 793 facultatum.
1198 719 1375 808 Legerunt
1394 737 1553 794 nostrum
1570 729 1737 821 scriptum
1753 731 1898 828 Synodo
1916 733 2088 810 exhiben-

65 821 296 912 Agnoscamus
317 837 473 892 nostram
497 823 758 908 infirmitatem,
784 836 818 893 et
841 835 960 893 tamen
979 822 1044 890 tri·
1097 820 1201 904 dum,
1227 821 1256 889 si
1280 822 1325 891 ita
1341 845 1398 892 res
1414 826 1629 914 postulatura
1646 847 1750 912 esset,
1778 837 1882 908 multi
1897 840 1991 910 docti
2008 843 2088 926 viri,

64 927 205 993 huamus
226 925 352 1016 cuique
375 924 642 992 convenientem
667 925 781 994 locum
807 925 844 993 iu
869 926 1043 1014 guberna·
1096 917 1336 994 Concionator
1351 915 1595 1012 Lubecensis,
1620 931 1791 1002 virvalde
1807 935 2027 1028 ingeniosus,
2054 957 2088 1014 et

65 1025 162 1097 tione.
228 1019 276 1094 Et
301 1025 535 1094 concordibus
555 1023 683 1094 animis
705 1025 900 1094 serviamus
921 1021 1045 1094 Eccle-
1096 1021 1177 1104 alii,
1209 1022 1271 1115 qui
1294 1023 1450 1095 iudicare
1475 1043 1641 1118 possunt,
1671 1057 1690 1102 a
1715 1035 1843 1127 quibus
1865 1053 1900 1112 et
1917 1043 2087 1133 scriptum

63 1125 137 1196 siae.
185 1123 297 1216 Diligi
318 1149 375 1194 rne
394 1149 413 1194 a
437 1137 470 1194 te
489 1127 644 1214 gaudeo,
670 1139 704 1196 et
727 1139 851 1218 expeto
868 1127 1044 1195 bonorum
1097 1121 1214 1214 ipsum
1231 1137 1264 1194 et
1281 1125 1469 1196 consilium
1483 1125 1750 1218 comprobatur,
1770 1141 1864 1230 quod
1879 1135 2009 1212 habere
2024 1169 2089 1234 pa-

65 1227 247 1310 smicitias,
285 1249 375 1320 qnae
406 1221 573 1296 nonnihil
601 1227 732 1296 laboris
759 1221 851 1298 mihi
871 1227 1046 1296 adserunt.
1096 1235 1208 1292 ratam
1230 1226 1456 1298 materiama
1483 1231 1605 1300 multis
1626 1233 1835 1325 inspectam,
1869 1255 1949 1312 ante
1972 1243 2089 1337 Syno-

65 1327 126 1397 seu
143 1342 265 1416 expeto
280 1339 424 1420 propter
438 1321 613 1396 Ecclesiae
629 1329 864 1400 concordiam.
914 1325 974 1398 Sic
990 1349 1046 1394 mc
1097 1324 1374 1396 dumvolumus.
1424 1325 1593 1400 Nondum
1607 1334 1736 1404 edituri
1751 1360 1890 1424 sumus,
1915 1345 1972 1412 sed
1992 1346 2090 1433 prius

65 1441 133 1496 ate
154 1428 255 1516 diligi
277 1427 379 1512 volo,
403 1439 533 1497 nonut
551 1429 786 1518 superiorem,
811 1422 902 1500 ἀλλὰ
924 1423 1047 1520 ὥσπερ
1099 1425 1203 1495 etiam
1236 1421 1392 1496 Brentio
1430 1431 1579 1504 mittam.
1648 1433 1738 1504 Nam
1772 1433 1950 1511 Brentius
1984 1446 2090 1514 etiam

65 1529 150 1600 inor.
209 1525 372 1618 Agnosco
397 1551 511 1596 meam
539 1529 836 1610 imbecillitatem,
869 1531 1047 1598 sed‘mens
1098 1525 1238 1616 scripsit
1260 1527 1412 1598 similem
1435 1532 1709 1621 confessionem,
1734 1537 2090 1631 cuiArgentoraten-

66 1630 183 1698 similis
209 1641 260 1699 est
284 1641 383 1712 tuae,
423 1629 527 1718 cupio
549 1629 699 1698 fideliter
720 1631 851 1700 servire
872 1625 1048 1700 Ecclesiae
1099 1649 1153 1696 ses
1174 1627 1467 1719 subscripserunt.
1528 1631 1666 1704 Vellem
1686 1652 1802 1708 autem
1824 1645 2091 1716 communicatis

66 1731 141 1804 Dei.
190 1727 240 1802 Et
254 1731 435 1818 negotium
448 1725 486 1825 *,)
500 1745 634 1799 vestrae
650 1729 801 1802 civitatis
817 1732 948 1800 curabo
965 1727 1050 1798 dili·
1101 1729 1280 1799 sententiis
1310 1753 1419 1800 unam
1442 1753 1515 1802 esse
1538 1748 1738 1807 nostrarum
1764 1737 2003 1814 Ecclesiarum
2025 1772 2092 1816 vo·

67 1845 195 1922 genter,
230 1845 265 1900 et
293 1831 393 1900 vobis
423 1831 628 1916 rescribam,
663 1832 748 1924 quid
779 1831 1049 1902 obtinuerimus.
1101 1851 1187 1900 cem.
1246 1825 1319 1898 lam
1344 1845 1487 1902 vocatus
1511 1855 1587 1902 sum
1610 1831 1819 1926 Dresdam,
1853 1846 1914 1913 sed
1935 1847 2092 1916 fortassis

68 1931 208 2003 Senatus
230 1929 467 2024 Zervestcnsis
491 1930 608 2000 virum
628 1933 734 2001 talem
755 1933 907 2004 retinere
929 1933 1049 2002 stude·
1101 1929 1309 2000 deliberatio
1326 1933 1392 2000 erit
1406 1933 1449 2002 de
1467 1936 1633 2006 mandato
1653 1935 1903 2032 imperatorio,
1927 1949 2030 2038 quale
2047 1949 2093 2017 ad

67 2033 132 2117 bit,
161 2033 223 2101 sed
247 2045 364 2102 tamen
383 2035 473 2104 alius
487 2031 635 2102 inlerior
649 2033 715 2102 isto
733 2033 864 2126 poterit
879 2033 1051 2102 sustinere
1101 2051 1165 2102 vos
1187 2033 1334 2102 missurn
1349 2033 1426 2105 luit.
1481 2033 1565 2103 Vidi
1581 2039 1678 2107 aliud
1696 2042 1842 2113 missum
1861 2049 1903 2115 ad
1923 2041 2093 2118 Gelnhu-

66 2131 208 2206 Diaconi
231 2155 371 2204 munias.
421 2131 502 2224 Qua
519 2135 562 2202 de
579 2157 617 2202 ro
631 2157 710 2202 cum
725 2135 810 2226 ipsis
824 2133 1050 2224 Principibus
1101 2151 1183 2200 sen:
1205 2131 1297 2217 scio,
1323 2146 1357 2202 et
1375 2127 1625 2229 Noribergom
1644 2161 1716 2210 esse
1732 2145 1896 2214 missum:
1925 2151 1985 2218 sed
2005 2151 2093 2242 quid

68 2236 233 2322 agendum
256 2248 325 2314 est,
352 2233 412 2328 qui
434 2235 845 2305 nuncnonsuutdomi.
896 2233 1051 2304 ldeolui
1104 2231 1254 2303 Senatus
1287 2237 1524 2324 responderit,
1563 2241 1723 2310 nondum
1755 2245 1839 2319 scio.
1903 2244 2093 2340 Exemplar

69 2358 182 2404 suasor
195 2347 311 2404 vestro
327 2336 471 2419 narratio,
488 2347 527 2406 ut
544 2349 634 2406 recta
649 2337 694 2404 ad
711 2361 773 2408 vos
787 2335 928 2408 rediret.
953 2333 1051 2404 Bene
1104 2331 1196 2402 Aula
1220 2335 1381 2404 nondum
1403 2336 1516 2409 voluit
1536 2341 1670 2430 spargi,
1695 2367 1760 2413 nec
1782 2341 1896 2416 habeo
1918 2351 2094 2442 descripta

70 2436 151 2510 vale.
195 2435 268 2506 Dic
284 2433 320 2510 4.
336 2433 501 2526 Angnsti.
1105 2433 1273 2524 exempla.
1325 2433 1363 2506 Si
1387 2439 1482 2530 qnod
1507 2442 1667 2530 pervenit
1687 2439 1912 2534 Exlordiam',
1943 2474 2017 2519 non
2042 2464 2094 2521 est

572 2533 1002 2628 PhilippusMelanthon.
1105 2535 1142 2602 iu
1163 2535 1251 2603 meis
1274 2538 1441 2620 aedibus,
1474 2553 1557 2624 aut,
1588 2567 1645 2611 me
1665 2545 1817 2632 sciente,
1851 2549 1940 2620 sacta
1962 2553 2095 2622 descri-

1105 2635 1178 2727 ptio
1195 2629 1252 2729 *),
1292 2661 1494 2730 quanquam
1526 2663 1589 2730 ego
1617 2645 1761 2736 quidem
1788 2671 1862 2718 non
1885 2675 1986 2742 aegre
2008 2655 2095 2739 lero,

161 2699 394 2773 Reverendus
409 2701 443 2773 d.
458 2697 584 2770 Pastor
598 2695 775 2769 Ecclesiae
793 2715 954 2786 nostrae,
979 2699 1053 2771 Do-

70 2815 137 2872 ctor
150 2796 396 2886 Pammenes,
424 2813 632 2892 properante
648 2801 851 2887 tabellario,
876 2825 956 2871 cum
976 2816 1053 2872 tuns

71 2905 179 2974 literas
203 2901 358 2990 legisset,
384 2901 504 2981 iussit,
530 2905 671 2970 me'suo
694 2904 839 2972 nomine
856 2904 956 2972 vobis
973 2927 1054 2994 pre-

70 3004 132 3072 cari
154 3003 322 3086 salutem,
356 3016 389 3072 et
412 3004 606 3072 mecumad
624 2997 832 3071 Zervestam
850 3004 922 3096 ipse
938 3005 1054 3094 prole-

69 3117 179 3174 cturus
201 3117 274 3185 est,
306 3117 346 3174 nt
369 3125 487 3171 coram
509 3125 588 3172 cnm
606 3095 779 3174 Iohanne
793 3102 952 3174 Diacono
974 3127 1055 3194 aga-

71 3228 151 3278 mus.
201 3203 335 3273 lterum
353 3205 439 3275 vale.
660 3203 664 3216 '

804 3258 1006 3400 Philippus.

72 3651 131 3724 No.
149 3651 263 3724 4936.

73 3749 265 3781 m

346 3837 416 3926 M.
445 3838 780 3952 Meicndurgio.

132 4003 218 4076 Erit·
236 4001 283 4056 ¹1¹³·
299 3998 333 4053 V·
351 4019 378 4072 e·
391 3997 442 4052 ⁵⁷⁵
456 4017 514 4070 na·
548 3997 602 4078 ¹1³9
618 4017 650 4052 οι
667 4002 835 4073 autumpno
850 4003 879 4060 a
890 4003 957 4062 aaut.
971 4006 1056 4064 noa.

165 4075 260 4142 berg„
279 4067 353 4140 quod
366 4069 445 4124 nobis
459 4065 601 4138 descripnt
615 4068 657 4123 (ΣΙ.
670 4069 833 4126 Bounerus.

910 3662 943 3729 6·
956 3655 1042 3742 Aug.

895 3749 1047 3774 m

75 4217 290 4298 Clarissimo
305 4223 399 4310 viro,
458 4215 628 4292 rodonuo
646 4231 678 4292 el
697 4221 826 4296 virtute
838 4231 1057 4323 praestanti,

23 4375 33 4396 ,
75 4323 122 4404 D.
145 4321 389 4398 Michaclr‘
412 4245 711 4417 dilatenturg,
755 4319 917 4398 Consuli
938 4325 1056 4404 Nort-

135 4423 300 4514 husono,
324 4423 444 4497 amico
457 4447 525 4494 suo
537 4429 794 4521 praestantiss.
808 4435 840 4496 et
857 4429 986 4506 carias.

77 4559 119 4644 S.
143 4573 188 4648 D.
235 4571 524 4652 Clarissimcvir,
550 4585 586 4642 et
598 4571 709 4642 amice
724 4569 938 4672 charissime.
987 4580 1054 4653 Dei

77 4675 235 4746 beneficio
255 4670 373 4744 adhuc
396 4685 488 4744 recte
505 4671 624 4768 valent
637 4674 722 4758 lilii,
753 4689 787 4746 et
802 4679 952 4753 discunt.
1001 4680 1054 4772 Ac

79 4781 227 4860 nondum
249 4773 409 4864 contagia
427 4771 700 4866 pestilentiaein
714 4769 781 4846 hoc
796 4779 928 4872 oppido
944 4787 1054 4854 serrsi.

78 4899 157 4950 mus.
220 4871 275 4944 Ex
316 4875 438 4944 castris
471 4867 841 4972 Meideburgsnsibus
882 4901 1054 4961 venenant

78 4971 313 5069 &robergam
335 4973 487 5072 aegroti,
515 4975 559 5044 ad
582 4999 670 5068 quos
696 5001 776 5072 cnm
798 4978 975 5055 Diaconos
996 5013 1053 5058 ac.

80 5079 239 5160 cessisset,
266 5077 426 5168 ,intectos
457 5087 509 5144 cst
537 5075 646 5144 simili
679 5081 822 5164 morbo,
860 5085 988 5156 deinde
1021 5104 1054 5159 et
1106 5076 1153 5179 S
1181 5105 1225 5182 D,
1275 5095 1476 5180 clarissime

80 5199 173 5248 senex
197 5177 321 5248 Pastor
345 5164 523 5247 Ecclesiae
554 5171 841 5268 Kemhergensis,
882 5185 1053 5262 divinitus
1106 5223 1139 5280 [e
1160 5209 1204 5278 de
1227 5203 1395 5298 iffgeniis,
1422 5213 1566 5298 studiis,

78 5309 264 5326 hu--u

108 5384 134 5452 *J
149 5385 211 5439 vta.
226 5383 301 5454 epau.
317 5383 343 5438 a.
356 5379 399 5438 21.
415 5381 497 5438 atos

83 5459 247 5528 lirnarru.
265 5461 370 5527 Oeen.
396 5457 566 5526 Vonvll.

1107 2735 1174 2825 legi
1197 2759 1293 2806 nuuc
1318 2762 1459 2830 quoque
1482 2742 1526 2810 ab
1540 2743 1617 2812 aliis
1632 2739 1722 2815 hanc
1736 2749 1977 2822 recitationem
1994 2777 2096 2844 prae-

1106 2837 1227 2928 cipuae
1252 2837 1433 2918 doctrinae
1457 2835 1730 2916 Ecclesiasticae.
1779 2845 1828 2918 Et
1853 2851 1991 2937 iudico,
2020 2855 2096 2924 lor-

1108 2961 1201 3006 mam
1210 2935 1449 3008 Confessionis
1463 2957 1554 3011 recte
1570 2943 1766 3016 institutam
1783 2972 1866 3020 csse.
1893 2951 1963 3024 Sed
1977 2953 2096 3025 liben-

1108 3051 1161 3107 tcr
1178 3039 1303 3108 vellem
1320 3061 1400 3108 cum
1418 3041 1581 3132 pluribus
1598 3047 1745 3117 eruditis
1762 3051 1927 3144 colloqui.
1979 3049 2039 3140 Et,
2066 3057 2097 3125 si
2157 3049 2159 3056 ,

1108 3139 1176 3208 erit
1200 3137 1383 3232 Synodus,
1418 3143 1556 3236 aliquos
1585 3171 1625 3214 ex
1653 3150 1784 3219 uostris
1812 3153 1911 3242 prius
1940 3155 2097 3249 colloqui

1108 3240 1305 3332 oportebit,
1343 3263 1448 3333 quam
1470 3241 1678 3317 exhibeatur
1697 3247 1892 3324 Confessio.
1952 3253 2097 3329 Mittam

1108 3340 1209 3412 vobis
1231 3341 1429 3432 exemplum
1451 3347 1564 3416 nostri
1579 3347 1717 3440 scripti,
1744 3355 2007 3446 quamprimum
2021 3357 2099 3428 fieri

1109 3440 1247 3532 poterit.
1279 3437 1333 3512 De
1349 3444 1451 3513 bellis
1467 3443 1598 3518 Italicis
1611 3474 1683 3519 non
1700 3452 1786 3524 libet
1799 3457 1963 3527 scribere.
1997 3456 2099 3528 Clas-

1108 3543 1154 3611 sis
1170 3537 1329 3611 Tareina
1342 3545 1541 3640 propinqua
1559 3563 1608 3619 est
1624 3549 1757 3626 ltaliae.
1808 3551 1886 3624 Oro
1901 3570 2017 3628 autem
2035 3557 2099 3628 Fi-

1109 3644 1195 3712 liom
1224 3643 1307 3728 Dei,
1347 3645 1541 3718 Dominum
1575 3663 1736 3722 nostrum
1763 3651 1878 3725 lesum
1904 3653 2098 3745 Christum,

1108 3743 1311 3814 crucifixum
1333 3769 1398 3836 pro
1422 3749 1544 3832 nobis,
1571 3763 1605 3819 et
1630 3754 1893 3843 resuscitatum,
1919 3771 1961 3828 ut
1984 3759 2023 3828 in
2041 3756 2098 3829 his

1108 3844 1312 3934 regionibus
1328 3843 1502 3918 Ecclesiae
1516 3864 1550 3920 et
1566 3875 1684 3926 earum
1702 3847 1854 3946 hospitia
1871 3873 2041 3955 protegat,
2065 3875 2100 3932 et

1109 3968 1171 4016 vos
1191 3960 1225 4017 et
1246 3958 1380 4014 vestros
1404 3963 1517 4019 servet
1534 3951 1737 4024 incolumes.
1787 3953 1884 4029 Bene
1899 3972 1934 4030 et
1949 3963 2099 4052 feliciter
2166 3988 2170 3998 ’

1108 4040 1230 4120 valete.
1280 4043 1348 4117 Die
1364 4042 1561 4142 nnugmu
1581 4049 1689 4127 1551.

1618 4150 1807 4249 Philippus
1825 4157 2048 4238 Melanthon.

1107 4469 1304 4600 Q.
1945 4493 2078 4578 sang.

1409 4641 1560 4728 Ioools.
1578 4647 1790 4736 Mollero.

1172 4803 1257 4876 Epist.
1276 4779 1323 4860 ns.
1339 4803 1371 4859 u.
1389 4823 1416 4876 p.
1431 4804 1492 4860 sor.
1511 4806 1564 4874 (aa.
1581 4805 1667 4864 cona.
1686 4809 1734 4866 uu
1749 4811 1783 4866 u.
1802 4830 1846 4884 ep.
1859 4811 1942 4884 sss).

1162 5022 1166 5032 .
1227 4993 1232 4998 -
1279 4931 1372 5033 (D.
1398 4957 1644 5036 [aucarum
1668 4931 1881 5038 aratura

1498 5111 1553 5182 vir
1569 5111 1728 5187 etamice
1746 5107 1960 5190 charissime.
2012 5117 2093 5194 Scio

1590 5225 1624 5282 et
1644 5211 1803 5282 moribus
1821 5217 2030 5307 prudenter,
2059 5239 2094 5296 et

1110 5347 1329 5359 ———-·-———-·

1140 5395 1171 5467 ¹¹)
1189 5395 1252 5450 Vid.
1265 5417 1307 5469 ep.
1325 5401 1367 5457 ad.
1384 5399 1556 5545 Meienbgrzg.
1572 5400 1599 5456 d.
1621 5399 1649 5456 d·
1664 5399 1742 5472 spu.
1763 5403 1837 5458 tuat.
1925 5489 1931 5502 ἢ
