4658 5818
252 249 327 322 aar
811 221 1249 318 sersaontauu

259 415 295 484 V
296 409 497 490 encesiaam
512 413 696 506 gubernet,
712 427 746 500 et
759 411 861 482 faciat
876 437 956 484 enm
972 415 1100 494 σκεῦος
1113 407 1244 498 ἐλέους,

254 535 287 590 et
302 534 471 609 organum
487 519 641 587 salutare
654 539 737 584 suae
753 514 891 586 animae
906 529 940 587 et
953 513 1142 586 Ecclesiae.
1173 515 1247 586 Da-

253 637 307 692 tae
323 617 397 691 Cal.
414 617 631 712 Septembris
648 639 742 687 anno
762 612 869 686 1561.

766 713 954 811 Philippus
970 712 1185 787 Melanthort

826 841 933 890 mauu
954 819 1110 913 propria.

254 1162 332 1232 No.
347 1160 458 1231 4947.

1091 1173 1120 1230 l·
1135 1161 1221 1248 Sept.

261 1257 472 1293 Μ
1076 1253 1246 1280 Μ

479 1340 606 1426 Hier.
636 1339 1029 1460 Baamgartncro.

324 1503 409 1574 Epist.
427 1499 473 1555 lib.
488 1499 535 1556 Vl.
554 1519 581 1567 p.
595 1499 644 1553 182
655 1517 695 1570 sq.
723 1499 775 1554 tlte
789 1517 818 1552 es
834 1507 945 1568 autogra
967 1499 1001 1551 ho
1016 1499 1043 1552 in
1060 1497 1121 1553 eorl.
1136 1497 1214 1557 Mon,
1226 1495 1247 1551 l.

359 1591 384 1643 p.
399 1572 466 1640 165,
484 1569 529 1624 cui
540 1569 673 1642 adscripta
685 1571 826 1640 leguntur:
846 1569 873 1622 d.
891 1569 932 1621 15.
947 1517 1021 1638 Sept.
1035 1567 1128 1621 testa

255 1721 912 1824 HieronymoBomgartnero,
938 1719 1248 1820 Senatoriinciy-

466 1915 470 1922 ἢ
501 1837 559 1897 tae
576 1826 678 1898 urbis
694 1819 924 1918 Noribergoe
941 1833 1002 1894 etc.

258 1969 305 2058 S.
334 1979 379 2052 D.
429 1969 549 2048 Erunt
564 1977 602 2046 in
615 1971 682 2046 hac
696 1975 823 2048 mundi
837 1989 973 2046 senecta
989 1973 1158 2067 paulatim
1176 1975 1250 2044 dis-

257 2081 446 2156 tractiones
468 2078 627 2170 gentium
651 2091 685 2146 et
701 2078 913 2167 religionum
932 2075 1061 2168 plures.
1113 2073 1156 2144 ln
1170 2075 1249 2146 An-

255 2184 327 2276 glia
353 2194 540 2274 postquam
567 2194 601 2250 et
625 2181 767 2250 foedera
793 2179 883 2248 facta
909 2191 992 2248 sunt
1018 2191 1053 2248 et
1080 2190 1178 2268 pacta
1205 2179 1249 2246 de

256 2283 441 2373 coniugio,
460 2304 556 2350 nunc
572 2306 653 2352 cum
670 2277 818 2352 Gallicis
839 2279 960 2368 legatis
976 2277 1249 2350 deliberationes

257 2399 342 2458 sunt
355 2377 438 2479 περὶ
452 2375 694 2472 ὃιὸαρκαλίας
708 2376 771 2452 καὶ
786 2375 868 2474 περὶ
882 2383 951 2451 τοῦ
967 2373 1162 2474 ἀρχιερέως
1178 2381 1249 2476 p'or-

255 2481 385 2582 pauiov.
440 2481 534 2555 Sunt
565 2483 630 2576 qui
662 2477 868 2560 hortantur,
907 2495 948 2552 ut
973 2474 1134 2552 Gallicus
1159 2479 1248 2566 Rex,

1308 238 1415 320 blB.
1442 241 1524 322 Xll.
1580 241 1707 323 1551.
1825 313 1831 323 .
2220 249 2281 320 828

1341 395 1676 510 Hieronymo
1710 406 1956 488 Besoieio
1987 417 2253 516 (concionatori
2314 481 2315 504 ,

1687 515 1904 614 Noriberg.)
2314 513 2315 574 l

1297 645 1346 736 S.
1363 661 1408 736 D.
1441 663 1574 736 Scribit
1589 665 1635 734 ad
1649 684 1714 734 nos
1725 687 1788 736 sua
1802 691 1911 736 manu
1925 663 2006 737 Dux
2018 661 2239 736 Prussincar
2249 664 2282 760 ¹),
2314 685 2315 748 1

1297 789 1333 834 se
1349 769 1391 834 ad
1411 789 1475 834 etos
1491 767 1664 836 contraria
1682 789 1826 836 suorum
1843 769 1972 859 scripta
1993 770 2185 838 missurum
2209 793 2282 840 esse.
2314 805 2315 846 1

1297 861 1344 936 Et
1360 863 1438 938 lies
1455 866 1586 936 Dauiae
1603 861 1763 937 hortator
1777 882 1829 936 est
1845 869 1895 954 ei,
1921 893 1966 938 ne
1980 870 2073 940 sinat
2087 871 2223 940 turbari
2237 871 2283 936 vi·
2314 893 2315 930 1

1298 967 1457 1036 cinarum
1474 965 1711 1037 Ecclesiamm
1725 992 1949 1043 consensum.
1973 969 2051 1040 Etsi
2067 987 2185 1042 autem
2203 971 2282 1038 illud

1298 1083 1435 1152 metuo,
1463 1071 1557 1162 quod
1573 1091 1674 1160 saepe
1690 1071 1746 1150 lit,
1776 1085 1816 1138 ut
1835 1071 1945 1160 magis
1963 1073 2203 1141 inflammetur
2218 1095 2282 1140 cer·
2314 1077 2315 1142 1

1299 1183 1415 1238 tamen
1433 1173 1670 1253 adversando,
1696 1184 1813 1239 tamen
1831 1174 2044 1262 respondere
2060 1197 2201 1242 necesse
2216 1173 2282 1254 erit,

1297 1265 1326 1364 †
1341 1265 1403 1342 καὶ
1422 1275 1476 1364 etp*
1496 1265 1675 1363 ἀντιδίκῳ
1691 1265 1789 1364 μέλει
1806 1265 1915 1364 ἡμῶν
1929 1269 2047 1368 aimep
2061 1277 2140 1344 τῶν
2159 1273 2198 1343 ἐν
2216 1269 2281 1342 111.-
2314 1279 2315 1358 1

1297 1393 1388 1462 μασι
1404 1366 1642 1466 βατράχων“.
1656 1369 1689 1467 ²)
2314 1369 2315 1448 1

1401 1472 1508 1544 Mitto
1534 1475 1598 1543 tibi
1624 1474 1774 1564 pagellas
1798 1475 1841 1544 de
1859 1471 2014 1567 Eclipsi,
2045 1476 2108 1544 etsi
2129 1475 2282 1565 optarim,
2314 1471 2315 1550 1

1299 1595 1420 1642 versus
1449 1595 1522 1642 esse
1546 1575 1727 1658 meliores,
1760 1578 1820 1644 sed
1845 1579 2036 1660 comitto,
2069 1590 2112 1646 ut
2135 1577 2282 1644 scribant
2314 1563 2315 1652 1

1298 1675 1402 1743 nobis
1425 1675 1473 1747 D.
1491 1667 1703 1744 toachimus
1727 1689 1762 1746 et
1780 1669 1907 1746 Staius
1931 1699 2013 1746 suae
2034 1677 2281 1746 observationis

1298 1789 1333 1846 et
1364 1777 1653 1845 considerationis
1683 1789 1832 1867 tempus.
1890 1777 2119 1867 Diligentiam
2142 1771 2283 1847 Rhatta
2314 1775 2315 1808 r

1299 1877 1458 1950 novistis.
1509 1871 1558 1946 Et
1578 1891 1694 1948 tamen
1708 1877 1850 1948 videtur
1863 1873 2015 1969 Eclipsis
2030 1879 2178 1948 initium
2194 1895 2281 1949 ante·

1299 1977 1439 2046 cessisse
1461 1978 1498 2046 id
1520 1991 1676 2070 tempus,
1707 1982 1802 2071 quod
1820 1980 2013 2050 annotavit.
2064 1977 2118 2047 De
2134 1979 2281 2048 Triden-

1299 2077 1373 2148 tina
1391 2077 1535 2171 Synodo
1551 2101 1672 2148 rursus
1688 2073 1747 2149 hic
1763 2081 1955 2150 silentium.
2007 2079 2233 2170 Significabis
2245 2085 2281 2147 de

1299 2203 1361 2258 eo,
1391 2179 1560 2273 quicquid
1585 2175 1693 2249 habes
1717 2176 1921 2278 ἀξιόλογοις.
1973 2179 2084 2250 Nobis
2111 2181 2280 2260 scribitur,

1298 2275 1468 2369 Anglieos
1492 2275 1654 2350 homines
1673 2281 1744 2350 iam
1762 2305 1841 2350 cum
1861 2281 2000 2372 Legatis
2018 2277 2167 2351 Gallicis
2183 2284 2281 2350 disse·

1298 2403 1375 2450 rere
1395 2383 1439 2450 de
1456 2383 1634 2466 doctrina,
1659 2393 1694 2451 et
1707 2384 1876 2474 quosdam
1894 2379 2091 2451 hortatores
2107 2403 2182 2451 esse
2201 2380 2281 2470 Regi

1299 2479 1460 2562 Gallico,
1492 2495 1534 2553 ut
1556 2505 1659 2552 suum
1676 2479 1822 2576 ἀξίωμα
1839 2478 2097 2580 ἅρχιερατικὸν
2115 2483 2156 2552 in
2172 2481 2280 2550 Gallia

257 2602 445 2684 postquam
455 2581 622 2654 Pontifex
634 2581 667 2650 ei
679 2582 814 2652 fulmen
829 2603 931 2653 suum
944 2581 1144 2668 minitatur,
1162 2607 1247 2652 con·
1296 2583 1432 2653 tribuat
1445 2579 1670 2654 Patriarchae
1687 2587 1865 2655 ademtam
1880 2588 1935 2679 epi
1948 2580 2103 2678 ρωμαίῳ
2120 2581 2278 2680 ἀρχιερεῖ.

257 2691 381 2762 stituat
394 2686 433 2755 in
449 2707 556 2774 regno
574 2681 713 2754 Gallico
731 2677 982 2757 Patriarcham.
1025 2681 1248 2754 Pannonicas

258 2813 314 2862 res
334 2789 405 2858 scio
421 2785 491 2858 tibi
505 2800 608 2857 notas
625 2808 708 2854 esse.
758 2779 839 2854 Dux
854 2775 1030 2856 Prassiae
1046 2783 1169 2856 scribit
1181 2809 1248 2854 no·

258 2893 314 2965 bis
338 2913 400 2960 sua
422 2911 548 2974 manu,
581 2909 617 2956 se
634 2909 778 2956 suorum
794 2887 923 2979 scripta
938 2887 1041 2956 nobis
1058 2885 1248 2956 missurum

259 3017 350 3076 esse,
381 3003 423 3061 ut
443 2987 655 3062 iudicentur.
706 2985 880 3057 Fortassis
897 3000 1015 3058 autem
1029 3001 1150 3058 nostra
1166 3010 1248 3056 sen-

258 3094 368 3166 tentia
393 3090 459 3160 erit
480 3089 537 3158 illi
554 3087 707 3178 Gorgiae
731 3088 912 3158 classicum
935 3087 1020 3156 novi
1035 3087 1247 3160 certaminis.

259 3194 331 3266 Sed
354 3205 473 3261 tamen
494 3183 554 3262 δεῖ
572 3189 793 3288 συνηγορεῖν
807 3193 854 3282 τῇ
870 3179 1045 3284 ἀληθείᾳ,
1071 3183 1249 3260 111111111-

258 3295 328 3365 tico
345 3293 543 3362 iuramento
559 3291 759 3372 dicebatur,
785 3285 919 3382 ἀμυνῶ
935 3285 1028 3388 ὑπὲρ
1045 3293 1123 3362 raia
1137 3285 1249 3386 tepor

258 3389 322 3469 καὶ
336 3385 452 3488 μόνος
466 3385 530 3462 καὶ
544 3387 636 3482 μετὰ
652 3387 784 3462 ἄλλων.

359 3493 478 3564 Huius
493 3485 648 3586 Georgii
667 3485 861 3586 Wagneri
872 3491 967 3562 bona
982 3505 1033 3560 est
1046 3505 1190 3575 natura,
1215 3505 1250 3562 et

259 3598 376 3672 studia
400 3592 643 3664 moderatione
658 3617 798 3664 morum
814 3605 930 3662 ornat.
980 3589 1115 3664 Didicit
1131 3606 1248 3664 autem

258 3689 511 3788 Philosophiae
533 3709 568 3764 et
583 3718 756 3764 summam
777 3693 958 3764 doctrinae
974 3687 1250 3778 Ecclesiasticus,

258 3803 307 3872 ita
322 3813 362 3870 ut
374 3821 510 3889 sperem
524 3795 607 3868 usui
621 3808 875 3890 etlornamento
890 3794 965 3863 fore
979 3791 1156 3864 Ecclesiae
1170 3795 1249 3870 Dei.
1298 3819 1340 3892 E

260 3901 380 3990 Quare
404 3899 507 3968 valde
530 3911 563 3969 te
588 3921 671 3983 oro,
696 3911 737 3968 ut
757 3921 837 3966 eum
856 3894 1003 3967 Senatui
1021 3908 1137 3964 vestro
1154 3908 1188 3964 et
1206 3895 1249 3964 iis

260 4001 323 4096 qui
347 3999 522 4091 stipendia
539 3999 757 4070 distribuunt
773 3996 1009 4069 commendes.
1059 3993 1167 4066 Mitto
1184 3995 1250 4066 tibi

1299 2677 1499 2778 Georgium
1537 2679 1775 2778 Wagneram
1808 2687 1874 2756 tibi
1904 2689 2126 2756 commendo.
2195 2683 2280 2752 Bene

1299 2786 1393 2870 vale,
1418 2799 1453 2856 et
1469 2787 1631 2856 rescribe.

1941 2882 2036 2958 Phil.
2051 2883 2188 2958 Melan.

1318 3081 1729 3098 m

1309 3201 1374 3276 No.
1391 3203 1504 3280 4949.

1303 3299 1515 3338 Q

1504 3407 1692 3494 Pastori
1715 3411 1765 3494 in
1788 3405 2083 3492 Rabenstein.

1366 3532 1432 3621 uer.
1448 3564 1552 3623 conset
1566 3567 1612 3623 ne
1631 3567 1663 3624 r.
1677 3565 1711 3624 11.
1730 3587 1757 3641 p.
1773 3569 1821 3625 111
1835 3587 1875 3638 sq.

2153 3209 2278 3332 Q

1299 3715 1359 3790 An
1379 3715 1503 3794 Coena
1524 3719 1689 3794 Domini
1709 3719 1922 3824 infantibus
1945 3719 2197 3820 impartienda
2217 3722 2281 3792 sit?

1340 3834 1353 3894 t
1379 3819 1421 3894 de
1439 3819 1590 3922 phrasi:
1623 3822 1724 3924 quoti
1740 3823 1984 3896 Sacramenta
2009 3819 2188 3922 adferant
2205 3823 2280 3922 Spi-

1299 3929 1301 3933 ’
1401 3923 1512 3996 ritum
1527 3935 1709 4014 sanctam,
1734 3923 1790 3997 oei
1800 3921 1991 3997 Pastorem
2006 3921 2189 4000 Rabenst.

259 4101 432 4196 pagellam
455 4099 498 4168 de
513 4093 658 4190 Eclipsi.
708 4097 979 4189 Elegantissime
1003 4111 1054 4168 est
1076 4110 1201 4168 natura
1217 4111 1252 4166 et
1298 4061 1444 4160 Perlegi
1459 4085 1556 4144 luam
1572 4073 1849 4168 disPmationem
1866 4076 1911 4143 de
1925 4071 2045 4145 C⁰⁰¹¹a
2060 4072 2208 4144 1)θωῖΠῖ
2223 4076 2278 4142 111·

260 4201 386 4274 eximia
417 4199 570 4269 eruditio
601 4200 640 4267 in
671 4195 903 4289 Philosophia
929 4190 1127 4267 Matthiae
1152 4191 1254 4266 Stati

259 4301 435 4376 Prussiaci
469 4295 617 4394 hospitis
648 4299 767 4368 vestri.
824 4297 943 4386 Quare
976 4323 1057 4368 eum
1092 4313 1252 4368 amanter

260 4406 503 4497 complectare.
564 4399 661 4472 Bene
697 4414 731 4472 et
765 4399 915 4468 feliciter
948 4399 1036 4469 vale.
1104 4397 1251 4472 Calend.

260 4497 485 4599 sepoembov)
770 4596 960 4697 Philippus
977 4593 1204 4676 Melamhon.

257 4899 329 5012 a..
344 4935 457 5012 toea.

269 5034 437 5064 Μ
612 5099 669 5186 Η.
691 5095 901 5183 Beeoldo.

364 5262 450 5334 Epist.
468 5263 514 5318 lib.
530 5263 560 5318 V.
578 5282 603 5336 p.
618 5259 666 5316 231
681 5279 720 5330 sq.

986 4905 988 4911 Α
1086 4941 1136 5020 (1.
1153 4938 1254 5024 sm>

262 5357 465 5374 W

245 5390 253 5412 ⁴
297 5399 330 5468 *)
348 5395 406 5449 Alis
422 5409 516 5448 manus
531 5389 688 5458 adscripsit:
711 5409 774 5445 aun.
790 5387 865 5446 1551,

1078 5031 1249 5058 Μ
1270 5037 1273 5049 ·

1299 4175 1483 4267 partienda
1507 4175 1724 4261 infantibus,
1757 4191 1791 4246 et
1813 4199 1949 4246 morem
1967 4191 2100 4248 vestrae
2116 4173 2277 4246 Ecclesiae

1300 4275 1397 4348 novi.
1449 4274 1530 4346 Scio
1557 4291 1593 4348 et
1615 4279 1709 4370 apud
1729 4275 1947 4371 Cyprianum
1971 4279 2144 4369 quaedam
2168 4289 2277 4353 estare,

1301 4401 1390 4470 quae
1408 4391 1601 4461 testantur,
1626 4379 1759 4448 alicubi
1776 4377 1929 4446 similem
1944 4379 2051 4448 fuisse
2064 4377 2278 4446 consuetudi-

1300 4501 1386 4546 nem
1404 4479 1502 4550 olim.
1554 4477 1624 4550 Sed
1647 4479 1864 4549 cousuetudo
1887 4479 2140 4568 impertiendae
2154 4475 2277 4546 Coeuae

1301 4579 1497 4650 infantibus
1520 4603 1596 4649 non
1616 4591 1667 4649 est
1682 4579 1885 4649 necessaria.
1936 4575 2058 4648 Iudico
2077 4579 2276 4668 baptismum

1301 4679 1351 4748 eis
1374 4681 1616 4750 testimonium
1638 4703 1730 4765 esse,
1766 4671 1980 4776 paodfiont
2003 4674 2167 4746 membra
2190 4695 2276 4744 cerae

1303 4775 1509 4863 Ecclesiae,
1541 4787 1573 4850 et
1597 4779 1673 4850 sint
1697 4779 1737 4849 in
1784 4779 1885 4850 ratio
1900 4775 1986 4848 Dei.
2037 4771 2117 4849 Ner
2136 4781 2277 4874 opusest

1301 4882 1352 4951 eis
1370 4879 1559 4978 impartire
1575 4873 1737 4953 Coenam
1752 4805 1923 4950 Domini.
1965 4879 2070 4968 Tegit
2087 4903 2205 4948 eorum
2222 4879 2277 4944 im-

1301 4997 1402 5074 petus
1420 4983 1565 5052 vitiosos
1587 4985 1716 5072 gratia,
1744 4983 1783 5054 iu
1800 5008 1906 5076 quam
1923 4983 2050 5072 recepti
2071 4995 2170 5062 sunt,
2195 4981 2278 5047 iusta

1301 5085 1409 5154 illud:
1438 5075 1527 5156 Non
1551 5093 1602 5154 est
1626 5077 1797 5154 volontas
1817 5080 1957 5180 patris,
1991 5086 2030 5149 ut
2052 5085 2174 5177 pereat
2195 5097 2277 5147 anm

1316 5329 1317 5332 ¹
1339 5313 1365 5375 1)
1382 5254 1904 5402 1111111111εᾶΜ1111111111ωᾶ187ώῖυε.
1988 5269 1993 5293 Ι
2013 5294 2021 5306 ’

1276 5429 1280 5451 t
1337 5395 1366 5462 2)
1386 5387 1471 5450 Addit
1489 5395 1522 5450 tt.
1534 5393 1571 5450 D.
