4616 5812
222 203 303 313 'aas
818 223 1253 310 artsrouauuu
1301 229 1408 307 ma
1439 229 1506 309 n.
1559 229 1687 312 tato.
2192 231 2258 310 m

228 395 390 482 minatur
405 407 520 498 imago
538 402 673 481 aeterni
686 397 821 490 Patris,
846 399 894 476 Et
910 429 975 476 cur
993 405 1139 498 imagini
1154 405 1225 478 Pa·
1275 404 1603 496 interpretationem
1626 406 1864 482 confirmari.x
1891 405 1997 478 Fides
2021 408 2148 500 igitur,
2178 433 2257 503 quae

226 515 293 583 tris
309 509 488 582 tribuatur
503 509 692 600 appellatio
708 506 836 594 Verbi,
864 521 1037 603 quantum
1061 509 1138 580 lieri
1159 531 1225 602 po·
1273 508 1416 578 invocat
1430 508 1544 578 tilium
1558 505 1643 594 Dei,
1657 533 1881 603 nequaquam
1890 512 2076 582 autoritate
2093 510 2258 604 lnterpre-

227 627 311 700 test,
328 611 393 704 pie
407 623 442 680 et
458 624 660 681 reverenter
672 611 927 682 declarandum
944 625 1007 684 est.
1272 611 1327 697 tis,
1341 611 1403 680 sed
1421 609 1498 702 ipso
1515 613 1858 682 sermouedivinitus
1868 614 1971 683 uobis
1987 615 2117 684 tradito
2132 615 2257 688 nititur.

324 711 426 803 Legit
436 708 613 802 Origenes
628 713 721 803 apud
742 711 915 794 Paulum,
938 711 1041 784 Nunc
1057 713 1134 784 sine
1149 713 1225 803 lege
1373 709 1443 782 llic
1455 725 1573 784 autem
1590 713 1822 784 iustissimum
1841 730 1892 786 est
1904 717 2090 808 deplorare
2105 730 2140 788 et
2153 731 2257 786 taxare

226 815 447 888 manifestata
472 828 525 886 est
549 815 686 885 iusticia
708 811 787 888 Dei.
839 813 998 886 Miratur
1018 817 1105 911 quid
1131 817 1226 887 dicat
1271 813 1419 904 impiam
1434 815 1617 884 audaciam
1630 812 1695 886 καὶ
1709 812 1917 910 θεομαχίας
1932 819 2127 889 multorum
2150 820 2185 886 iu
2201 815 2257 888 boc

226 919 377 1004 Paulus,
402 943 482 987 cum
498 917 601 987 toties
622 915 791 1008 repetitus
809 916 854 986 sit
868 918 1054 1008 decalogus
1075 919 1115 990 iu
1137 919 1225 988 scri·
1272 928 1394 998 coetu,
1419 917 1483 1008 qui
1502 917 1647 986 titulum
1670 913 1803 988 babent
1829 915 2025 1006 Ecclesiae,
2051 922 2114 1015 qni
2140 921 2257 990 alienas

206 1019 604 1115 'ptisApostolicis‚'et
617 1019 769 1088 alienam
784 1018 1111 1110 interpretationem
1128 1044 1226 1092 com·
1271 1016 1464 1089 sententias
1489 1017 1614 1088 divino
1637 1021 1793 1090 sermoni
1815 1021 2051 1094 adduxerunt.
2110 1021 2257 1112 Pelagius

224 1123 443 1206 miniscitur,
470 1143 560 1214 quae
584 1117 675 1188 uiltil
696 1121 780 1190 facit
796 1115 888 1216 πρὸς
904 1120 1000 1201 ἔπος.
1052 1119 1121 1206 Hic
1144 1123 1224 1213 pius
1272 1119 1449 1190 retinebat
1468 1121 1659 1210 apostolica
1681 1124 1807 1194 verba:
1834 1121 1959 1194 Gratia
1982 1126 2177 1210 salvamur,
2198 1124 2257 1196 Sed

225 1239 259 1296 et
282 1225 421 1315 sapiens
446 1221 623 1313 interpres
648 1223 750 1308 sciet,
775 1247 848 1292 nou
876 1247 917 1292 ex
939 1225 1045 1294 unico
1063 1225 1161 1294 brevi
1190 1236 1225 1293 et
1272 1221 1419 1310 gratiam
1439 1221 1740 1314 interpretabatur
1758 1226 1958 1296 doctrinam
1982 1227 2091 1317 legis,
2126 1228 2205 1321 quia
2228 1239 2257 1296 et

222 1326 352 1408 mutilo
368 1326 462 1394 dicto
481 1325 712 1394 iudicandum
727 1345 818 1410 esse,
833 1325 893 1394 sed
907 1325 1110 1395 universam
1120 1324 1225 1396 Pauli
1272 1317 1535 1416 ipsa¹¹)munus
1552 1341 1603 1396 est
1614 1351 1632 1395 a
1643 1325 1719 1397 Deo
1735 1329 1840 1396 nobis
1856 1329 2047 1414 traditum,
2064 1341 2099 1399 et
2115 1329 2256 1418 adfinge-

225 1427 424 1500 doctrinam
456 1441 573 1497 mente
601 1427 818 1512 intuebitur,
849 1441 884 1497 et
915 1427 1035 1496 omnia
1065 1429 1224 1508 membra
1273 1426 1353 1509 bat,
1378 1421 1543 1495 homines
1563 1429 1690 1498 mereri
1708 1430 1952 1502 remissionem
1967 1444 2206 1521 peccatorum,
2228 1443 2257 1499 et

224 1528 476 1622 disputationis
500 1529 777 1618 coagmentabit,
803 1542 838 1599 et
861 1529 945 1598 inde
967 1531 1123 1600 nativam
1143 1551 1225 1598 sen·
1272 1527 1384 1597 iustos
1401 1551 1474 1608 esse
1489 1523 1555 1598 bac
1570 1529 1809 1624 qualicunque
1824 1533 1909 1620 legis
1925 1533 2134 1624 disciplina,
2158 1535 2257 1602 etob·

223 1633 370 1704 tentiam
387 1645 523 1717 sumet,
549 1626 843 1725 banc'videlicet,
869 1628 956 1700 Dari
981 1631 1225 1700 remissionem
1273 1630 1399 1698 ruebat
1430 1631 1600 1700 beneficia
1634 1633 1701 1700 lilii
1727 1631 1806 1706 Dei.
1859 1631 1905 1703 At
1929 1647 2085 1719 constat,
2124 1635 2255 1724 gratiam

224 1747 467 1828 peccatorum,
491 1747 525 1803 et
547 1733 658 1824 recipi
681 1734 862 1804 credentes
887 1747 1032 1825 propter
1045 1731 1226 1804 Mediato-
1273 1730 1406 1822 opponi
1423 1731 1491 1821 legi
1510 1733 1548 1800 in
1565 1728 1780 1824 Apostolicis
1800 1735 1959 1826 seriptis,
1983 1751 2017 1808 et
2042 1759 2116 1806 esse
2140 1738 2258 1827 gratui-

225 1859 302 1906 rem
317 1835 446 1926 gratis,
473 1859 548 1903 uon
566 1849 711 1926 propter
725 1835 850 1924 legem.
1272 1845 1344 1902 tam
1363 1833 1708 1919 reconciliationem,
1735 1861 1824 1930 quae
1845 1839 1884 1908 fit
1899 1853 2044 1929 propter
2058 1839 2171 1908 lilium
2191 1836 2257 1922 Dei,

324 1933 403 2008 Etsi
422 1949 539 2007 autem
557 1938 729 2006 sermonis
746 1937 961 2020 intellectus,
988 1937 1227 2026 grammatica,
1272 1948 1314 2003 ut
1337 1957 1401 2004 suo
1421 1935 1501 2005 loco
1526 1936 1703 2027 copiosius
1727 1937 1869 2011 dicitur.
1923 1937 2030 2008 Tales
2046 1941 2256 2031 depravatio·

224 2051 258 2110 et
274 2038 473 2122 dialectica,
499 2051 582 2108 suut
596 2039 812 2108 adminicula
829 2040 1028 2118 enarranti,
1051 2052 1168 2108 tamen
1187 2039 1225 2107 in
1273 2059 1336 2104 nes
1352 2037 1483 2106 multae
1506 2037 1645 2108 recitari
1672 2053 1826 2130 possent.
1878 2039 2032 2136 Fuitque
2057 2043 2097 2110 iu
2126 2038 2189 2112 hoc
2209 2065 2257 2132 ge-

223 2142 317 2211 reris
352 2139 524 2209 exercitiis
556 2140 814 2230 poenitentiae,
860 2141 943 2210 fidei
979 2141 1226 2226 invocationis,
1273 2161 1357 2206 uere
1372 2131 1585 2209 Pontificum
1600 2142 1779 2212 temeritas
1795 2142 2000 2231 singularis,
2026 2145 2089 2237 qui
2114 2167 2190 2212 suas
2210 2145 2257 2211 iu·

221 2244 316 2335 spei,
343 2236 747 2333 baecsnpientiamulto
771 2243 810 2311 lit
834 2242 1019 2313 illustrior.
1074 2243 1226 2312 Addidit
1273 2241 1542 2330 terpretationes
1572 2239 1713 2332 Regum
1748 2243 1915 2334 exemplis
1949 2247 2167 2318 munierunt.
2219 2241 2257 2316 Ut

223 2347 332 2437 igitur
344 2342 479 2414 Paulus
493 2345 537 2413 ad
554 2343 671 2413 officia
686 2343 904 2436 interpretis,
929 2357 970 2413 ut
993 2345 1037 2412 iis
1060 2345 1225 2413 consola·
1273 2342 1370 2410 enim
1395 2343 1432 2408 iu
1458 2343 1617 2434 imperiis
1641 2339 1755 2434 Reges
1778 2359 1986 2436 potestatem
2009 2341 2146 2418 babent
2161 2347 2256 2416 iuter·

223 2448 381 2518 tionibus
398 2467 434 2514 se
451 2461 485 2517 et
503 2445 591 2514 alios
607 2446 736 2535 erigat,
763 2469 852 2538 quae
869 2445 908 2512 in
924 2441 1121 2535 Evangelio
1139 2470 1227 2538 pro·
1273 2443 1439 2534 protundi
1465 2444 1576 2532 leges,
1603 2458 1638 2514 et
1664 2449 1819 2516 addendi
1843 2462 1905 2520 aut
1917 2449 2105 2518 auferendi
2117 2449 2256 2518 membra

223 2562 420 2644 ponuntur.
471 2543 554 2616 Non
571 2548 666 2615 enim
687 2547 771 2616 satis
785 2559 836 2617 est
852 2569 955 2616 nosse
981 2543 1166 2617 historiam
1191 2561 1227 2618 et
1273 2545 1411 2638 aliqua,
1448 2559 1483 2616 et
1497 2559 1643 2638 propter
1657 2548 1836 2638 fastigium
1860 2550 1917 2618 cui
1934 2546 2031 2620 Deus
2049 2551 2258 2622 autoritatem

222 2657 404 2743 dogmata,
435 2649 495 2716 sed
521 2651 566 2717 ad
593 2673 698 2742 quem
724 2649 831 2718 linem
854 2649 1016 2718 doctrina
1041 2651 1226 2720 reserenda
1273 2640 1501 2716 ferendarum
1528 2648 1645 2737 legum
1666 2651 1711 2718 ad
1731 2651 1869 2720 ordinis
1884 2651 2022 2740 politici
2037 2652 2257 2722 conservatio-
2291 2701 2292 2704 ,

223 2757 288 2840 sit,
323 2752 507 2821 sciendum
534 2763 595 2820 est.
656 2746 852 2820 Accusatur
885 2765 1087 2842 peccatum,
1120 2775 1227 2821 mou·-
1271 2771 1355 2816 uem
1371 2749 1491 2832 dedit,
1518 2773 1658 2819 necesse
1674 2766 1725 2822 est
1743 2777 1866 2822 eorum
1884 2752 2170 2844 interpretationi
2184 2755 2256 2822 obs-
2291 2727 2292 2764 ¹

222 2865 355 2929 stratur
369 2852 561 2923 iustissima
576 2863 611 2922 et
623 2851 749 2941 ingens
766 2853 818 2922 ira
836 2851 923 2937 Dei,
949 2855 1011 2923 sed
1034 2853 1139 2924 simul
1162 2855 1227 2922 ad·
1273 2851 1371 2930 dire,
1398 2847 1450 2919 lta
1466 2848 1653 2922 Pontifices
1677 2853 1746 2922 sibi
1770 2855 1994 2926 autoritatem
2018 2853 2258 2948 interpretandi

224 2957 386 3029 miranda
405 2979 475 3024 vox
489 2949 678 3043 Evangelii
699 2957 933 3047 proponitur,
959 2979 1050 3047 quae
1072 2967 1124 3024 est
1142 2979 1227 3046 pro-
1275 2973 1475 3021 sermonem
1509 2953 1674 3022 divinum
1706 2971 1891 3044 arrogant,
1925 2969 1959 3026 et
1982 2957 2170 3027 adfirmant
2194 2977 2258 3024 suas

222 3061 342 3132 missio
356 3055 675 3136 reconciliationis,
710 3079 800 3149 quac
814 3057 969 3126 donatur
987 3070 1132 3150 propter
1143 3055 1227 3128 Me-
1277 3053 1587 3144 interpretationes
1603 3069 1748 3146 propter
1764 3059 1943 3148 fastigium
1960 3059 2015 3127 sui
2032 3059 2106 3128 loci
2120 3079 2258 3128 necessa·

224 3164 408 3234 diatorem.
456 3155 498 3226 ln
514 3151 571 3226 bis
588 3157 885 3248 promissionibus
900 3171 993 3227 recte
1008 3160 1146 3249 cognita
1163 3183 1229 3228 vo-
1276 3153 1330 3224 rio
1344 3157 1607 3246 amplectendas
1619 3179 1702 3230 esse.
1741 3155 1853 3229 =Haec
1864 3153 2067 3252 κακοζηλία
2082 3159 2194 3250 regiae
2205 3161 2257 3228 do-

224 3266 360 3336 luntate
382 3258 471 3344 Dei,
503 3259 742 3328 accedendum
771 3275 823 3331 est
850 3261 894 3329 ad
930 3257 1066 3346 Deum,
1098 3262 1227 3332 fiducia
1276 3257 1484 3326 minationis
1501 3259 1540 3325 iu
1557 3255 1717 3328 Ecclesia
1734 3263 1831 3331 auxit
1845 3263 2041 3352 potentiam
2058 3263 2256 3354 pontificiam

225 3363 455 3445 Mediatoris,
481 3363 632 3451 petenda
648 3373 683 3430 et
698 3363 911 3453 expectanda
928 3377 1012 3432 suut
1026 3361 1132 3436 bona.
1185 3361 1228 3431 lu
1278 3372 1312 3428 et
1324 3359 1455 3427 multos
1468 3381 1626 3441 errores,
1650 3383 1689 3430 ac
1706 3361 1801 3430 idola
1818 3363 1990 3432 stabilivit
2011 3377 2045 3434 et
2059 3365 2208 3434 stabiliet
2229 3361 2257 3426 iu

223 3468 356 3541 talibus
373 3464 548 3535 exercitiis
570 3478 605 3534 et
626 3463 825 3554 intelligere
845 3464 1098 3555 promissiones
1122 3465 1230 3534 disci·
1277 3459 1322 3528 iis
1333 3469 1351 3544 ,'
1391 3459 1454 3552 qui
1492 3456 1583 3530 banc
1616 3463 1799 3554 politicam
1834 3465 2043 3555 sapientiam
2079 3466 2259 3535 antelemnt

225 3595 323 3656 mars,
358 3581 393 3638 et
419 3565 639 3658 experimur,
673 3575 899 3662 nequaquam
933 3565 1071 3636 irritam
1106 3561 1229 3662 esse⁰)
1277 3558 1473 3651 Evangelio
1496 3575 1531 3632 et
1553 3587 1655 3632 verae
1678 3565 1894 3634 invocationi
1919 3563 1998 3639 Dei.
2056 3564 2200 3637 Necesse
2219 3573 2257 3631 est

225 3671 499 3743 invocationem.
1278 3676 1395 3734 autern
1412 3663 1489 3754 pias
1505 3679 1638 3756 mentes
1661 3667 1859 3756 intelligere
1875 3669 2066 3737 discrimen
2087 3669 2181 3739 inter
2201 3664 2256 3736 lm·
2289 3661 2290 3680 ¹

328 3771 419 3845 Cum
438 3770 549 3860 igitur
563 3769 648 3839 velit
664 3765 761 3839 Deus
773 3791 860 3838 voce
874 3767 1064 3840 ministerii
1078 3783 1113 3840 et
1128 3791 1231 3861 prae·
1277 3765 1374 3857 peria
1391 3777 1426 3833 et
1440 3763 1677 3836 ministerium
1692 3763 1890 3858 Evangelii.
1939 3766 1989 3840 Et
2002 3793 2201 3865 quanquam
2213 3767 2258 3834 iu·

228 3878 297 3966 legi
315 3873 539 3945 auditoribus
552 3865 758 3964 prophetica
774 3883 809 3945 et
824 3873 1015 3962 apostolica
1029 3869 1178 3963 scripta,
1195 3883 1231 3942 ct
1278 3865 1371 3936 dicia
1388 3887 1461 3935 08⁸²
1479 3865 1518 3934 in
1535 3861 1693 3938 Ecclesia
1711 3883 2079 3953 neoe³⁸e¹³⁸1‚.l³m01¹
2096 3869 2256 3941 sciendum

228 3977 356 4050 ordine
371 3973 564 4043 monstrari
580 3973 694 4064 capita
707 3973 910 4053 doctrinae,
938 3988 973 4046 et
985 3973 1133 4044 refutari
1150 3997 1230 4042 cor·
1280 3981 1353 4053 est,
1383 3967 1424 4036 in
1454 3969 1679 4040 enarratione
1701 3971 1884 4042 doetrinae
1906 3969 2113 4062 Evangelii,
2145 3969 2257 4041 iudicet

227 4079 403 4171 pupulas,
436 4074 664 4144 manifestum
688 4085 756 4160 est,
781 4075 937 4168 aliquam
947 4071 995 4170 ¹⁰)
1018 4075 1232 4168 interpreta—
1278 4093 1344 4139 nec
1364 4069 1499 4158 regiam
1520 4091 1587 4140 nec
1609 4073 1822 4163 praetoriam
1843 4087 2051 4165 potestatem
2066 4069 2208 4156 babere,
2229 4067 2257 4134 id

226 4185 361 4254 tionem
385 4176 615 4246 necessariam
640 4197 725 4249 esse.
782 4175 853 4247 Sed
876 4172 965 4248 haec
986 4179 1162 4270 discipula
1185 4177 1231 4248 sit
1279 4184 1349 4251 etl,
1376 4170 1434 4241 cui
1452 4185 1598 4265 propter
1612 4173 1838 4244 autoritatem
1859 4175 1999 4244 ordinis
2021 4171 2187 4246 adsentiri
2207 4191 2256 4237 1¹&

227 4281 401 4356 sermonis
416 4277 553 4363 divini,
579 4301 651 4347 nou
670 4277 790 4368 gignat
807 4301 916 4348 novas
931 4281 1140 4366 sententias,
1165 4303 1231 4349 nec
1278 4273 1444 4343 cessesit.
1496 4273 1646 4345 Donum
1660 4275 1824 4345 divinum
1840 4289 1892 4346 est
1909 4277 1946 4346 in
1964 4269 2257 4348 mentibusemdi·

229 4407 364 4454 novum
389 4380 574 4451 doctrinae
596 4402 707 4470 genus
740 4379 931 4469 excogitet.
968 4383 1029 4450 sed
1058 4395 1230 4476 tanquam
1277 4389 1397 4447 torum
1432 4387 1467 4444 et
1496 4376 1639 4466 piorum
1672 4399 1756 4446 vcra
1778 4377 2042 4469 interpretatio,
2071 4401 2133 4448 seu
2154 4368 2257 4444 indicii

230 4487 344 4558 fidelis
360 4483 587 4574 grammatica
602 4481 761 4551 nativam
784 4481 996 4553 sententiam
1017 4483 1134 4553 divini
1156 4505 1232 4553 ser·
1279 4477 1468 4546 dexteritas
1482 4489 1516 4547 et
1530 4478 1725 4562 rectitudo,
1739 4478 1783 4546 ad
1799 4501 1907 4571 qnam
1925 4481 2119 4550 necessaria
2134 4475 2255 4572 quidem

229 4587 347 4659 monis
367 4585 543 4677 inquirat,
576 4596 611 4654 et
636 4585 674 4652 in
695 4579 762 4654 bac
795 4583 920 4654 doceat
951 4587 1231 4674 cognoscendam
1280 4590 1332 4647 est
1348 4577 1520 4662 eruditio,
1546 4577 1617 4648 Sed
1631 4592 1750 4647 mmen
1769 4591 1804 4648 et
1818 4583 1917 4649 mens
1931 4581 1979 4651 sit
1994 4605 2069 4651 non
2083 4573 2256 4674 prophane,

232 4715 305 4763 esse
324 4688 545 4757 voluntatem
570 4682 658 4770 Dei,
682 4699 720 4755 et
744 4681 811 4756 bac
834 4709 915 4756 vera
940 4687 1144 4777 cognitione
1167 4709 1232 4755 vo-
1278 4701 1354 4748 non
1387 4677 1559 4748 fascinata
1584 4679 1817 4770 opinionibus
1848 4680 1974 4751 alienis
2005 4682 2050 4753 ab
2073 4674 2256 4768 Evangelio,
2287 4705 2288 4764 j

230 4790 377 4864 luntatis
403 4787 547 4858 divinae
573 4799 707 4857 mentes
732 4789 775 4856 ad
799 4787 1079 4873 invocationem,
1110 4789 1232 4873 fidem,
1280 4804 1355 4850 non
1371 4780 1494 4869 ignara
1510 4780 1757 4850 exercitiorum
1776 4783 2016 4873 poenitentiae
2035 4775 2254 4856 etinvocatio
2287 4785 2288 4835 t

232 4917 351 4986 spem,
399 4888 644 4960 exuscitandas
668 4911 763 4984 ¹esse,
829 4884 1009 4963 Monstrat
1044 4887 1234 4981 Internum,
1280 4883 1357 4968 nit,
1383 4903 1457 4950 non
1479 4895 1646 4972 occupata
1659 4882 1743 4953 otilo
1763 4895 1798 4952 el
1813 4885 2028 4972 ambitione,
2050 4897 2085 4957 el
2106 4879 2255 4954 similibus

232 4997 390 5066 Verbum
419 4987 477 5060 bic
503 4989 702 5080 significare
728 5013 932 5082 personam:
985 4991 1028 5062 ln
1054 4993 1233 5086 principio
1280 4984 1435 5068 morbis,
1460 4982 1860 5075 quiindieiooffieinnt.

237 5111 312 5168 erat
327 5095 499 5166 Verbum.
549 5087 598 5161 Et
614 5115 765 5183 agnosco
782 5091 873 5162 veris
897 5094 1115 5166 testimoniis
1140 5090 1233 5165 hanc
1385 5082 1427 5154 ln
1449 5081 1597 5179 Synodo
1623 5083 1837 5158 Tridentino
1860 5085 1993 5158 iactum
2017 5101 2070 5158 est
2089 5087 2254 5157 dotatum,

240 5251 468 5270 W
544 5234 548 5244 -
1282 5185 1400 5256 verbis
1414 5186 1520 5256 etiam
1535 5187 1735 5274 atrocibus,
1760 5189 1859 5282 quod
1880 5189 1963 5261 ierit
1978 5183 2191 5262 anathemate
2204 5181 2253 5250 do·

267 5329 297 5388 at
319 5325 397 5382 [leel.
412 5343 472 5378 esse
487 5327 615 5378 irritam.

269 5417 314 5486 tu)
332 5415 471 5482 aliquem]
491 5411 570 5466 Decl.
590 5412 753 5478 aliquando.
968 5447 972 5454 ·
1321 5417 1470 5489 11)Deet.
1490 5417 1552 5484 basi.
