4654 5816
239 187 317 268 tst
818 177 1257 274 BPlS'l'ObdllUM
1313 189 1422 280 ΗΒ.
1454 189 1537 275 st,
1572 191 1709 280 tete.
2199 200 2264 282 ill

239 355 432 434 Nesstt.
555 381 560 390 ·
632 377 640 386 ·
1078 369 1134 434 ts.
1151 361 1223 428 Oct.
1286 362 1441 436 divortio
1458 377 1576 457 aperte
1593 379 1628 438 et
1642 366 1871 440 concederem
1885 361 1970 442 huic
1983 369 2130 446 miserae
2144 374 2265 464 petenti

246 453 419 487 *Ν
641 439 648 446 “
872 508 882 529 .
1058 453 1230 484 “⁴⁵''
1286 465 1382 536 aliod
1400 467 1497 558 pium
1511 467 1727 558 coniugium.

563 502 632 594 ¹⁰⁶
653 503 922 592 mew'
1388 565 1459 640 Sed
1473 569 1516 638 de
1529 570 1648 660 priore
1672 583 1733 642 tua
1747 570 1954 664 quaestione
1968 573 2102 660 scatio,
2125 574 2264 666 primam

248 681 255 688 ·
308 654 331 726 ’ί
351 654 389 708 ¹¹
407 654 516 710 ΝΜ·
533 647 710 706 mmm·
728 647 794 704 ¹¹⁰¹·
810 647 833 706 ¹·
850 667 879 722 P·
891 649 936 707 ⁶⁴·
1286 668 1415 740 debere
1434 669 1533 763 sequi
1557 672 1744 756 maritum,
1775 671 1806 740 si
1834 684 1951 746 tamen
1978 675 2169 748 intervenit
2191 702 2262 748 cum

240 801 283 876 D
327 799 508 878 loanni
539 793 829 882 Mummio,
861 793 1018 874 pamm·
1043 797 1237 876 Ecclesia,
1288 769 1368 840 aliis
1383 774 1602 842 consuetudo
1617 771 1865 856 carnalis,etsi
1883 776 1996 866 prima
2012 779 2184 870 sponsalia
2197 781 2262 848 lue-

252 891 256 896 '
284 858 295 882 ⁸
616 901 657 974 ᾗ,
686 897 879 978 plumbus·
1288 885 1373 942 rrrnt
1389 873 1543 964 publica.
1592 873 1681 944 Nam
1699 874 1728 942 si
1744 873 1857 965 prima
1873 900 1946 948 non
1965 879 2264 970 lueruntpubliea,

1288 986 1323 1043 et
1338 973 1407 1054 alis
1422 974 1604 1068 sequentia
1614 975 1755 1067 publica
1769 976 1926 1062 suerunt,
1940 981 2046 1049 etiam
2060 1004 2135 1050 non
2151 993 2199 1050 est
2211 1005 2262 1050 co-

1287 1078 1399 1164 genda
1422 1091 1463 1147 ut
1488 1101 1568 1145 eum
1589 1091 1776 1171 sequatur,
1815 1089 1850 1147 et
1874 1079 1950 1149 iure
1976 1079 2122 1151 liberari
2149 1093 2261 1174 potest.

284 1243 292 1260 ,
705 1239 714 1254 ,
768 1237 776 1252 .
934 1236 943 1254 .
993 1237 1003 1256 ,
1285 1173 1391 1246 Potes
1412 1178 1457 1247 de
1476 1191 1628 1272 utroque
1653 1201 1735 1250 casu
1755 1179 1977 1251 narrationes
1998 1183 2138 1252 mittere
2155 1181 2263 1274 eopio-

240 1240 347 1314 tlrros.
381 1239 424 1312 ln
439 1237 504 1310 bae
521 1240 567 1307 de
582 1237 846 1331 quaestionibus
863 1259 1108 1326 coniugiorum
1125 1265 1234 1334 quae.
1305 1277 1314 1294 ·

240 1347 323 1414 dam
336 1342 496 1434 scripsit,
522 1361 612 1432 quae
627 1341 747 1410 dextre
766 1337 1048 1428 intelligentibus
1068 1347 1233 1433 prodesse

239 1457 389 1538 possunt
401 1447 447 1514 ad
462 1443 590 1512 multas
602 1440 859 1510 controversias
873 1440 1130 1520 diiudicandas.
1160 1443 1233 1516 Eas

240 1547 395 1638 pagellas
407 1544 528 1614 nescio
546 1566 592 1611 an
607 1543 755 1625 rideris,
781 1565 856 1610 non
878 1539 973 1610 enim
1000 1545 1116 1616 editae
1138 1560 1232 1632 sunt,

241 1653 301 1718 sed
323 1660 462 1717 tantum
483 1646 528 1714 ab
544 1639 670 1712 Ebero
685 1644 845 1714 dictatae.
896 1641 937 1714 Si
958 1643 1121 1716 volumus
1145 1671 1232 1717 ron·
1283 1621 1485 1748 NLQr

241 1748 396 1820 scientiis
427 1761 462 1817 et
489 1746 649 1816 moribus
679 1745 821 1836 piorum
842 1743 1043 1832 consulere,
1074 1749 1230 1839 prolecto
1638 1775 1735 1893 Cpb
1775 1777 1911 1866 Lim-⁰

239 1875 315 1921 non
338 1870 524 1941 possumus
546 1846 679 1938 ubique
703 1847 803 1939 sequi
826 1843 1045 1933 canonistas,
1076 1873 1230 1944 quorum
1735 1843 1746 1867 ⁸
1911 1843 1923 1867 '

173 2009 175 2016 .
240 1953 414 2046 quaedem
428 1948 615 2041 opiniones
632 1947 749 2039 palam
765 1946 937 2017 absurdae
951 1961 1044 2019 sunt
1095 1949 1230 2043 Scripsi

239 2057 279 2124 in
296 2052 449 2145 pagella,
471 2073 578 2144 quam
592 2047 720 2118 inclusi
735 2043 818 2118 huic
833 2047 1019 2138 epistolae,
1032 2051 1122 2144 quid
1137 2048 1230 2121 milti
1281 2045 1630 2160 christophoro
1644 2055 1807 2145 Lista,
1823 2055 1980 2133 Pastori
1996 2059 2183 2137 Ecclesiae
2197 2061 2262 2136 Dei

183 2155 186 2160 ’
239 2157 403 2225 videatur
427 2153 473 2222 de
491 2151 537 2220 iis
553 2150 836 2243 quaestionibus,
869 2149 913 2218 de
935 2151 1065 2244 quibus
1091 2154 1161 2223 iam
1184 2156 1230 2224 ad
1526 2161 1567 2232 in·
1581 2160 1715 2262 ορρίάο
1731 2157 2037 2259 Tangermunda,

239 2281 295 2326 me
308 2253 488 2346 scripsisti.
539 2251 579 2323 Si
592 2251 747 2342 integras
759 2250 978 2322 narrationes
992 2253 1148 2340 miseris,
1163 2279 1229 2346 po-

239 2358 324 2432 terit
339 2353 495 2426 fortassis
510 2353 716 2446 explicatius
735 2352 957 2444 responderi,
979 2353 1044 2422 etsi
1057 2355 1101 2426 de
1120 2357 1230 2426 altera

240 2458 463 2554 quaestione,
498 2457 542 2524 de
559 2453 755 2545 parricida,
779 2455 885 2549 plane
901 2455 1081 2545 respondi.
1130 2455 1229 2528 Beue

239 2562 328 2632 vale.
378 2558 441 2632 25.
457 2552 587 2632 Octob.
607 2551 717 2631 1549.

240 1024 462 1110 Venerande
472 1037 529 1106 vir
542 1047 579 1106 et
591 1035 702 1104 amice
718 1033 906 1106 carissime.
932 1025 1236 1110 PaulusEberas

239 1141 387 1214 dictavit
411 1133 671 1210 enarrationem
690 1135 820 1228 prioris
846 1135 1014 1226 epistolas
1037 1141 1083 1210 ad
1104 1137 1236 1211 Corin-

1348 1919 1369 1983 †
1386 1915 1424 1970 Er
1438 1933 1534 1990 apogr.
1548 1915 1576 1972 in
1589 1919 1652 1974 scd.
1667 1917 1755 1976 Paris.
1767 1921 1805 1978 D.
1815 1919 1847 1978 L.
1862 1919 1926 1976 Μ’.

1281 2276 1331 2364 S·
1357 2287 1401 2360 D.
1452 2289 1640 2363 Carissimo
1657 2295 1777 2368 frater.
1835 2291 1878 2364 ln
1902 2299 2009 2366 tantis
2029 2298 2182 2390 publicis
2204 2297 2261 2366 mi-

1280 2393 1379 2462 seriis
1401 2417 1536 2480 summa
1566 2419 1649 2465 cura
1679 2418 1802 2466 omnes
1825 2395 2000 2487 sapientes
2023 2401 2261 2488 gubernatores

1281 2495 1457 2564 debebant
1487 2497 1669 2586 perlicere,
1702 2511 1743 2568 ut
1774 2495 1812 2564 in
1834 2493 2003 2568 Ecclesiis
2037 2501 2261 2594 tranquillitas
2306 2535 2307 2556 ι

1282 2611 1386 2680 esset,
1419 2620 1463 2665 ne
1486 2597 1662 2668 invocatio
1685 2597 1935 2690 impediretur,
1961 2624 2052 2694 quae
2075 2615 2131 2672 est
2151 2614 2261 2694 portus

1282 2695 1499 2788 gratissimus
1512 2697 1550 2766 in
1563 2711 1659 2769 tanta
1674 2697 1860 2772 moestitia.
1891 2695 1996 2771 Nune
2011 2699 2181 2773 multi'ad
2195 2725 2261 2772 cae·

1283 2795 1356 2868 ter'a
1380 2797 1519 2890 publica
1543 2799 1634 2869 mala
1652 2795 1719 2889 boc
1734 2821 1875 2896 quoque
1897 2803 2054 2890 addunt,
2077 2818 2119 2874 ut
2133 2804 2261 2874 invoca·

1282 2900 1416 2972 tionem
1440 2899 1580 2990 piorum
1603 2899 1641 2969 in
1661 2897 1828 2971 Ecclesiis
1850 2901 2013 2984 turbent,
2047 2903 2187 2975 eliciant
2208 2929 2260 2996 pa-

252 2999 320 3076 No.
332 2998 443 3072 4612.
1086 3009 1145 3076 28·
1160 2999 1231 3066 Oct.
1283 3014 1394 3072 stores
1411 3001 1579 3086 idoneos,
1604 3013 1665 3070 aut
1684 3001 1876 3073 incendant
1894 3003 1976 3074 odia
1998 3006 2125 3096 populi
2149 3007 2261 3076 adver·

248 3097 459 3134 Μ
701 3153 710 3170 .
1284 3125 1343 3172 sus
1359 3125 1429 3172 eos.
1461 3099 1559 3170 llaec
1573 3103 1666 3172 mala
1681 3103 1906 3198 deploremus
1921 3117 1956 3174 et
1973 3105 2153 3198 sapienter
2165 3129 2260 3200 quae·

642 3147 827 3236 Edem·
1283 3227 1403 3274 ramus
1433 3201 1701 3292 mitigationem.
1758 3201 1800 3276 Si
1829 3203 1957 3275 caeteri
1979 3208 2161 3278 communi
2187 3230 2261 3277 con·

308 3295 332 3366 's
348 3289 649 3388 &⁰⁰¹120l32flffl2·
662 3289 725 3345 V⁰¹·
739 3289 759 3346 ¹·
774 3311 800 3364 P·
810 3291 853 3346 ⁶²·
1283 3327 1388 3376 sensu
1403 3304 1601 3396 receperint
1616 3305 1715 3374 illam
1727 3317 1877 3376 vestram
1892 3305 2101 3394 formulam,
2121 3309 2261 3402 populos

469 3443 559 3520 [oh
571 3445 691 3518 anni
715 3443 801 3518 Ma
810 3456 824 3518 ι
834 3457 847 3518 l
856 3442 882 3517 h
893 3469 911 3518 e
918 3471 938 3520 s
946 3445 991 3520 io
1282 3407 1430 3476 minime
1454 3399 1710 3498 repraehendet
1732 3429 1817 3493 vos,
1848 3405 1880 3474 si
1903 3419 1938 3478 et
1965 3407 2033 3499 ipsi
2063 3408 2261 3504 receperitis
2305 3499 2306 3514 χ

990 3495 1001 3520 '
1283 3503 1354 3580 Sed
1377 3507 1409 3578 si
1430 3507 1493 3578 alii
1513 3531 1588 3576 non
1609 3506 1823 3598 receperint,
1848 3529 1914 3577 nec
1936 3509 2037 3579 vobis
2061 3509 2169 3582 velim
2193 3531 2261 3579 sua-

230 3669 233 3674 ,
454 3590 587 3671 (tortose
612 3589 756 3670 ⁶l³l³¹⁰¹⁸⁰
781 3587 993 3670 mimmii-l
1283 3611 1384 3696 dere,
1403 3621 1444 3680 ut
1460 3607 1541 3680 odia
1556 3607 1680 3701 populi
1702 3621 1824 3678 contra
1845 3631 1907 3677 vos
1923 3611 2135 3684 accendatis.
2185 3607 2259 3681 Eri-

238 3704 456 3794 Canonistae
483 3719 519 3786 in
537 3703 802 3810 quaestionibus
817 3717 861 3788 de
876 3715 1030 3788 divortio
1055 3716 1231 3790 idcosunt
1283 3710 1388 3781 tllm⁰
1416 3723 1551 3794 aulem,
1584 3733 1685 3802 9⁰⁸⁸?
1715 3709 1810 3779 flecti
1833 3705 2069 3780 lllUSll'lSSlml
2096 3709 2259 3802 ΡΐῖῐῑθῖΡῖ3

239 3821 426 3910 duriores,
444 3821 525 3912 quia
551 3843 626 3888 non
648 3818 852 3908 intelligunt
874 3817 1065 3888 discrimen
1086 3817 1172 3908 legis
1196 3832 1231 3890 et
1281 3811 1462 3896 animum,
1486 3834 1532 3880 ne
1548 3821 1669 3899 urgeat
1690 3801 1776 3879 haec
1789 3812 1967 3880 mandata.
2018 3809 2088 3884 Sed
2109 3815 2141 3884 si
2155 3809 2259 3884 omni-

238 3918 442 4010 Evangelii,
465 3935 499 3990 et
515 3921 740 3990 confundunt
754 3919 900 4010 politica
921 3933 957 3990 et
971 3942 1093 3988 vocem
1107 3915 1230 4014 Evan-
1280 3936 1329 3983 no
1345 3911 1598 3983 discedendum
1612 3911 1700 3996 erit,
1724 3934 1803 3981 mea
1823 3909 1937 3982 officia
1954 3912 2057 3982 vobis
2079 3937 2156 3984 non
2171 3911 2259 3984 deso·

238 4021 322 4112 gelii
339 4025 383 4091 de
398 4021 531 4092 iustitia
548 4021 704 4112 spiritus.
748 4016 827 4092 Etsi
843 4035 961 4094 autem
976 4043 1115 4111 necego
1133 4022 1229 4092 laxa·
1280 4029 1359 4087 tura
1381 4025 1476 4088 sunt.
1524 4007 1573 4082 Et
1597 4035 1718 4106 spero,
1742 4011 1861 4084 Deum
1885 4011 1990 4090 nobis
2005 4014 2152 4086 nidulos
2167 4035 2258 4083 mon-

237 4125 352 4195 tiones
366 4122 567 4194 temerarias
587 4121 716 4212 probo,
740 4134 879 4206 tamen,
895 4147 976 4194 cum
992 4123 1136 4214 politica
1152 4124 1229 4192 ‹lis-
1280 4129 1473 4188 straturum
1495 4135 1579 4184 esse.
1636 4109 1715 4185 Etsi
1740 4127 1858 4184 autem
1880 4114 1925 4183 de
1945 4113 2035 4183 meis
2056 4116 2209 4186 consiliis
2229 4123 2257 4180 et

239 4227 414 4296 cernenda
438 4223 509 4294 sint
535 4247 553 4290 a
576 4223 707 4292 iustitia
722 4219 926 4314 Evangelii,
953 4237 988 4294 ct
1009 4223 1082 4294 sint
1103 4225 1142 4292 in
1163 4219 1229 4294 boc
1280 4215 1480 4288 actionibus
1506 4215 1659 4286 aliorum
1685 4213 1849 4288 suntalia
1865 4213 2016 4301 iudicia,
2040 4228 2159 4286 tamen
2174 4215 2257 4286 Deus

238 4327 445 4396 confusione
465 4324 670 4416 politiarum
695 4324 816 4409 multi,
841 4326 904 4420 qui
927 4348 1001 4394 non
1016 4338 1228 4402 suntmem-
1280 4311 1377 4390 testis
1400 4329 1468 4401 est,
1492 4340 1549 4385 me
1568 4339 1706 4408 semper
1730 4315 1901 4400 voluisse,
1927 4327 1969 4385 ut
1988 4329 2080 4388 extet
2107 4315 2254 4388 doctrina

236 4429 302 4498 bra
325 4425 503 4498 Ecclesiae
531 4409 651 4520 etqui
676 4425 821 4516 perinde
845 4421 1228 4512 habentdorarorda,
1279 4433 1372 4492 recte
1393 4416 1583 4509 explicata,
1615 4429 1650 4487 et
1670 4429 1712 4488 ut
1732 4409 1859 4488 harum
1880 4417 2065 4507 regionum
2089 4413 2254 4490 Ecclesiae
2304 4465 2305 4476 ι

238 4545 278 4602 ut
294 4527 368 4609 illi,
396 4532 439 4600 de
457 4529 587 4621 quibos
602 4527 732 4596 dicitur
749 4522 1006 4612 MetthlX.,
1030 4547 1134 4617 saepe
1145 4551 1228 4620 pos-
1278 4520 1429 4590 maxime
1444 4517 1658 4610 tranquillae
1671 4529 1705 4587 ct
1720 4518 1911 4589 concordes
1927 4531 2051 4588 essent.
2085 4514 2138 4590 Ae
2151 4517 2253 4590 Deum
2304 4581 2305 4600 ,

238 4653 359 4702 sumus
375 4631 432 4720 pie
446 4631 500 4698 uti
515 4622 802 4718 legeTlaeodosr‘s'
815 4629 865 4718 pii
882 4629 926 4698 de
942 4628 1123 4712 divortiis,
1137 4651 1228 4720 quae
1279 4621 1438 4718 quotidie
1462 4641 1544 4703 ⁰¹02
1569 4631 1610 4690 ul
1632 4641 1690 4688 ΜΘ
1712 4619 1817 4690 faciat
1844 4620 1974 4700 σκεῦος
1987 4613 2124 4702 ἐλέους·
2168 4616 2255 4728 Βθῦξ

237 4745 330 4804 extat
355 4733 394 4800 in
419 4733 539 4802 codice
561 4731 653 4802 libro
673 4730 799 4822 quinto
820 4731 860 4800 in
877 4729 980 4802 titulo
997 4731 1041 4800 de
1057 4723 1228 4821 repudiis,
1278 4738 1313 4795 et
1326 4721 1476 4792 feliciter
1492 4719 1569 4788 vale
1588 4717 1766 4790 carissime
1779 4721 1898 4790 irater.
1948 4713 2058 4789 Petro
2073 4734 2108 4792 et
2123 4709 2252 4792 Comes

236 4848 271 4905 ct
287 4834 430 4904 initium
447 4846 513 4904 est:
541 4854 716 4902 consensu
733 4827 837 4902 licita
853 4829 1105 4902 matrimonio.
1155 4829 1228 4901 lta·
1278 4825 1426 4896 salutem
1441 4835 1538 4914 opto.
1588 4815 1657 4894 Die
1668 4815 1731 4894 24.
1745 4815 1876 4894 Octob.
1889 4843 1985 4892 anuo
2001 4819 2063 4894 49.

235 4958 304 5030 que
318 4931 409 5004 mibi
423 4935 564 5005 videtur
574 4934 769 5026 parricidae
780 4957 871 5006 uxor
884 4935 1125 5024 noncogenda
1140 4955 1226 5017 esse,
1565 4925 1567 4932 ’
1788 4915 2218 5038 ΡῙὶὶῘῐΡΡΠῦΜθῙὸῐΙῑῆθΰχ

233 5050 276 5106 ut
289 5049 455 5129 sequatur
470 5061 550 5108 cum
568 5035 753 5128 parricida.
802 5033 884 5105 Non
902 5037 1064 5128 naturale
1077 5047 1147 5120 est,
1170 5032 1228 5103 di-
1257 5029 1259 5036 ”
1328 5023 1387 5096 llli
1407 5021 1638 5116 postulationi
1652 5019 1802 5094 omnino
1825 5023 2084 5094 adversandum
2102 5035 2172 5142 {sle
2192 5041 2248 5090 ⁸¹⁶·

234 5137 298 5226 ligi
313 5137 430 5208 virum
446 5162 466 5208 a
481 5137 649 5223 muliere,
674 5136 731 5206 cui
745 5134 812 5204 filii
826 5135 1002 5208 interfecti
1017 5148 1118 5221 sunt,
1143 5134 1226 5228 quia
1326 5127 1389 5198 nbi
1402 5123 1633 5218 proponitur,
1654 5147 1746 5217 quae
1760 5125 1877 5206 iubet,
1890 5137 1931 5195 ut
1946 5147 1983 5196 se
1997 5124 2182 5243 subiicronp
2194 5141 2251 5212 pt·

181 5293 186 5298 .
234 5251 415 5307 maternus
441 5239 562 5323 dolor,
595 5239 779 5309 ordinatus
804 5259 824 5306 a
848 5235 944 5318 Deo,
968 5233 1065 5307 eiicit
1082 5259 1226 5306 omnem
1326 5223 2245 5316 stotesdeelstttfiosslCflfflrlffleflt80112121151·

953 2653 1180 2734 Melanthou.

116 5413 119 5419 ,
233 5361 389 5410 amorem
406 5338 628 5414 talismariti.
677 5337 757 5429 Ego
770 5337 876 5413 etiam
897 5337 1166 5431 pronuntiarem
1177 5339 1224 5408 de
1325 5331 1433 5402 nodo.
1465 5325 1565 5400 Haec
1581 5325 1774 5422 postulatio
1787 5349 1934 5422 prorsus
1949 5325 2062 5423 impia
2074 5341 2135 5402 est.
