4684 5802
229 207 326 282 1071

469 369 527 450 D.
552 361 767 467 Casparo
791 357 991 436 Peucero

627 275 630 285 ,
676 269 681 277 ,
787 185 1220 270 ertsronanust
1276 196 1385 276 nra
1420 199 1502 278 nt
1558 197 1686 280 rasa

2103 221 2108 230 '
2192 205 2285 276 1⁰72

1279 367 1457 446 Ecclesiae
1480 372 1660 468 reliquias.
1712 373 1803 448 Cum
1823 371 1971 448 habebis
1989 375 2216 460 tabellarios,
2241 377 2280 446 ad

233 511 281 604 S.
305 525 351 602 D.
400 519 615 596 Charissime
642 519 713 602 fili,
744 515 821 589 Deo
844 515 989 588 iurante
1015 514 1110 585 'istuc
1133 509 1230 582 intre
1280 499 1346 544 ¹¹⁰⁸
1374 476 1532 546 mihim·
1588 473 1686 544 Bene
1711 477 1800 550 vale·
1853 474 1933 570 ¹9⁸⁰
1965 477 2024 547 ‘lle
2049 473 2279 573 Aequiflffllf

127 613 129 622 ,
234 631 394 703 triduum
424 626 574 696 reniam.
624 619 749 692 Postea
779 631 893 688 mater
924 613 994 687 huc
1023 614 1165 686 accedat
1195 621 1232 680 et
1281 575 1508 652 ³⁰⁸¹¹m¹¹³¹i⁸·

234 725 438 803 transvehat
467 748 556 822 quae
585 722 691 795 volet.
746 721 945 790 Puerorum
971 729 1007 788 et
1036 735 1230 808 puerperae

235 855 337 904 sarisa
354 851 493 900 necesse
507 839 559 896 est
572 848 637 895 nos
652 837 685 893 et
700 823 837 890 labores
852 816 917 889 ho's
933 831 967 888 et
980 830 1141 908 sumptus
1154 835 1231 884 sus-

235 935 363 1005 tinere.
414 927 467 1000 Ac
488 929 606 999 Deum
629 949 692 994 oro
710 935 751 992 ut
766 924 839 1014 ipse
856 916 939 990 haec
964 919 1101 987 infirma
1120 914 1233 1005 agmi-

237 1060 283 1105 na
309 1045 441 1113 servet,
474 1044 509 1101 ct
533 1027 690 1120 publicas
714 1047 754 1092 ac
774 1023 927 1114 privatas
942 1019 1158 1090 calamitates
1181 1017 1233 1084 le-

236 1137 326 1209 niat.
344 1157 347 1164 ’
372 1131 476 1203 Misit
491 1125 580 1200 mihi
597 1115 714 1196 Grato
728 1125 845 1194 literas
865 1116 910 1193 V
906 1116 1119 1199 ratislaria‚
1144 1139 1233 1210 quae

238 1237 422 1308 continent
451 1229 663 1303 tristissimas
693 1224 913 1294 narrationes
944 1225 988 1292 de
1017 1217 1233 1290 Pannonicis

238 1339 409 1409 cladibus.
463 1331 644 1424 Impendet
657 1327 804 1397 omnino
823 1321 1001 1421 Europae
1015 1321 1132 1392 fatalis
1154 1341 1236 1387 mu-

238 1441 347 1521 tatio,
391 1457 497 1528 quam
530 1430 625 1502 Deus
659 1429 807 1516 mitiget.
878 1424 976 1496 Beue
1011 1423 1100 1491 vale.
1166 1417 1235 1488 Die

244 1541 302 1612 11.
324 1535 501 1628 Septemb.
552 1531 708 1602 Salutem
731 1528 833 1598 vobis
857 1527 1025 1597 omnibus
1040 1536 1135 1614 opto.

256 1757 332 1772 μ’*
336 1739 1216 1772 W'Qssmflfflmmffm

1060 1912 1238 2030 Q.

540 2105 691 2192 Ioacis.
719 2107 935 2192 Mollcro.

313 2292 400 2366 Epist.
422 2289 469 2346 lib.
484 2284 518 2342 ll.
538 2304 566 2358 p.
582 2283 643 2340 sto.
668 2282 723 2352 (ed.
740 2279 830 2335 Laud.
849 2279 894 2334 lib.
909 2277 941 2335 ll.
961 2294 1003 2349 ep.
1015 2279 1099 2346 540.)-

459 2439 514 2518 D.
540 2433 788 2512 Inachimo
812 2430 1026 2505 Mallero

245 2587 295 2676 S.
320 2597 365 2670 D.
423 2589 626 2664 clarissime
645 2583 718 2666 vir,
742 2596 776 2652 et
793 2577 996 2652 charissime
1012 2581 1139 2666 frater,
1162 2575 1243 2650 Etsi

241 2697 433 2774 ,tabellario
451 2704 566 2761 vestro
582 2711 661 2758 cum
676 2677 869 2754 Dresdam
885 2683 972 2766 iret,
998 2683 1181 2774 epistolam
1197 2682 1241 2750 ad

246 2819 282 2876 te
297 2799 461 2890 scriptam
479 2791 577 2868 dedi:
603 2802 720 2858 tamen
739 2799 857 2876 postea
873 2809 953 2854 cum
968 2785 1006 2852 in
1022 2783 1138 2854 reditu
1158 2805 1241 2852 rur-

246 2921 420 2976 snsmeus
442 2891 568 2984 hospes
585 2902 692 2972 esset,
717 2887 838 2956 addidi
860 2899 893 2954 et
917 2880 980 2952 has
1001 2885 1137 2968 literas,
1159 2907 1240 2978 quta

248 3008 318 3076 iam
342 3003 382 3071 in
403 2996 521 3068 reditu
544 2989 654 3062 Ducis
675 2980 863 3084 Iohannis
884 2979 1074 3055 Friderici
1093 2987 1241 3055 certiora

248 3106 401 3177 scribere
417 3111 586 3190 poteram,
610 3089 748 3162 tametsi
763 3089 882 3159 literas
898 3087 1085 3176 gratulatio
1100 3085 1241 3178 publica

240 3206 378 3302 passim
396 3208 599 3270 antevertat.
650 3191 747 3262 Scias
769 3191 877 3280 igitur
889 3187 957 3258 Dei
976 3189 1146 3258 beneficio
1163 3183 1239 3256 Du-

246 3331 326 3380 cem
343 3300 515 3376 Senoniae
532 3287 740 3364 Iohannem
755 3283 986 3360 Fridericum
1005 3290 1041 3358 in
1051 3283 1090 3358 T
1090 3287 1241 3381 uringsa

239 3408 345 3498 ‚apud
360 3401 545 3489 coniugem
560 3409 594 3464 et
610 3394 702 3461 lilios
721 3415 805 3464 esse.
855 3389 924 3460 Hic
939 3391 1074 3462 reditus
1092 3391 1169 3459 sine
1184 3412 1242 3458 ar-

249 3511 336 3587 mis,
360 3500 548 3596 gloriosior
562 3509 611 3566 est
625 3507 771 3564 cruento
789 3487 1002 3581 Triumpho.
1041 3488 1160 3562 Etiam
1175 3515 1243 3582 po-

239 3610 388 3683 steritas
410 3601 476 3674 hoc
498 3595 821 3688 exempluminter
847 3592 1046 3662 testimonia
1072 3591 1243 3675 recitabit,

241 3735 341 3808 ·quae
354 3705 547 3780 ostendunt
560 3697 675 3768 Deum
692 3694 856 3766 exaudire
871 3693 1019 3784 gemitus
1033 3694 1186 3792 piorum,
1209 3705 1244 3762 et

251 3813 412 3901 mitigare
440 3801 654 3876 calamitates
685 3797 789 3869 etiarn
817 3796 856 3864 in
886 3791 951 3866 hac
978 3795 1061 3864 vita.
1113 3793 1242 3866 Itinera

253 3915 349 3996 eius,
376 3923 410 3980 et
422 3903 673 3998 gratulationes
689 3899 851 3982 urbium,
877 3919 940 3988 per
954 3920 1042 3990 quas
1062 3896 1128 3967 iter
1148 3895 1242 3976 fecit,
1268 3961 1271 3998 Ι

252 4015 416 4086 nondum
434 4007 517 4080 scio.
567 3995 805 4072 Pannonicae
821 3992 1010 4068 historicae
1032 3997 1136 4068 etiam
1161 4019 1243 4088 pro-
1268 4015 1271 4098 p

253 4115 361 4187 lirius
382 4109 548 4198 scriptae,
572 4115 691 4193 postea
711 4103 755 4169 ad
779 4124 835 4168 me
860 4099 984 4168 missae
1005 4111 1089 4170 sunt
1105 4123 1146 4168 ex
1169 4097 1241 4189 ipsa
1267 4101 1272 4210 l

259 4213 420 4290 Vienna.
471 4203 656 4297 Oppidum
678 4215 730 4271 est
750 4192 919 4283 Thirna,
943 4224 1032 4291 pene
1054 4200 1244 4268 infinibus
1313 4227 1379 4298 No·
1395 4224 1508 4300 5205·

254 4311 476 4392 Mmaviae,
498 4309 539 4378 in
555 4305 631 4376 eius
647 4301 770 4394 oppidi
785 4301 914 4369 vicinia
933 4301 1048 4369 clades
1069 4301 1129 4368 illa
1147 4323 1244 4368 acce-

256 4433 314 4512 pta
330 4431 399 4498 est,
418 4415 457 4482 in
475 4435 544 4505 qua
561 4403 714 4476 sexcenti
730 4401 863 4494 equites
878 4397 1063 4469 Saxoniei
1074 4425 1115 4470 ex
1132 4395 1245 4468 Mar-

256 4513 369 4590 akieis
385 4531 420 4587 et
432 4505 621 4593 Statuas,
644 4527 733 4598 quos
748 4494 1074 4586 destructionum,
1098 4501 1144 4570 ita
1162 4525 1244 4592 pro-

255 4617 366 4711 fligati
387 4625 489 4690 sunt,
513 4600 592 4681 cum
608 4608 752 4701 quidem
767 4604 904 4674 fortiter
917 4602 1181 4685 dimicaverint,
1206 4615 1246 4671 ut

256 4735 393 4795 tantum
408 4711 602 4786 octodecim
617 4707 819 4797 superstites
837 4705 1021 4778 evaserint.
1062 4703 1244 4774 Trucidati

1568 571 1828 672 Witehergae.

1383 707 1474 780 Heri
1493 709 1591 780 venit
1606 705 1685 780 -huc
1707 711 1902 803 quispiam,
1926 709 1989 803 qui
2014 711 2184 782 narrabat
2207 708 2281 782 Du-

1284 837 1356 880 erm
1382 806 1425 878 de
1444 807 1541 879 Atha
1564 835 1735 902 ocnrpare
1757 805 1981 882 Marchionis
2007 808 2156 883 Atheus·
2180 811 2281 902 oppi-

1285 917 1339 982 tla.
1391 909 1462 982 Sed
1478 913 1577 981 brevi
1595 913 1746 982 certiora
1761 913 1957 988 audiemus.

1287 1277 1352 1350 No.
1370 1275 1484 1354 5205.

1304 1378 1488 1407 m
2102 1287 2279 1404 erese

1664 1461 1719 1552 P.
1740 1453 1903 1552 Edere.

1356 1639 1624 1766 ammirato
1648 1639 1677 1694 a
1700 1625 1767 1697 test
1792 1639 1957 1714 sanatae
1981 1641 2114 1716 werpe
2140 1641 2285 1698 erem

1494 1729 1537 1768 ro·
1726 1751 1731 1762 ·

1290 1861 1450 1942 Clariss.
1482 1865 1577 1954 ciro,
1615 1863 1818 1938 eruditione
1852 1876 1885 1938 et
1917 1867 2046 1938 virtute
2073 1867 2286 1964 praestanti

1392 1963 1517 2040 Paul
1522 1994 1544 2040 a
1570 1965 1736 2054 Edere,
1754 1968 1883 2069 fratri
1894 1993 1962 2042 suo
1978 1967 2183 2055 carissimo,

1285 2103 1339 2204 S,
1363 2117 1408 2192 Ι).
1457 2115 1585 2192 Carisa.
1605 2119 1723 2192 frater.
1774 2116 1863 2188 Heri
1879 2118 2036 2207 aurigam
2052 2118 2228 2200 conduxi,
2254 2131 2284 2186 et

1291 2224 1513 2288 ‹lecreveram
1535 2215 1641 2289 hodie
1660 2221 1727 2290 iter
1748 2219 1899 2310 ingredi.
1950 2219 2020 2290 Sed
2042 2243 2121 2290 cum
2145 2218 2283 2308 vesperi

1292 2319 1443 2390 venisset
1470 2343 1547 2389 mea
1576 2320 1751 2406 coniunx,
1783 2317 1891 2390 hodie
1913 2321 2079 2394 retineor.
2136 2319 2285 2410 Colligit
2333 2357 2334 2362 κ

1291 2421 1387 2492 enirn
1408 2421 1500 2492 filiae
1515 2413 1553 2515 ⁸)
1580 2423 1768 2514 puerperio
1790 2417 1837 2492 ed
1859 2414 2077 2520 σπάργανα,
2110 2423 2168 2494 cui
2198 2423 2286 2491 deus

1292 2523 1394 2592 adsit.
1446 2518 1568 2592 Nihilo
1585 2524 1666 2615 plus
1678 2535 1801 2594 nostra
1816 2523 1963 2592 consilia
1979 2537 2014 2594 et
2027 2523 2222 2592 certamina
2244 2525 2285 2591 acl

1293 2623 1535 2692 defensionem
1559 2637 1760 2694 nostrarum
1783 2623 2018 2708 familiarum,
2047 2621 2232 2693 Ecclesiae
2257 2638 2287 2692 et

1292 2725 1496 2818 politiorum
1510 2725 1654 2811 faciunt,
1675 2749 1781 2820 quarn
1797 2725 1863 2796 ista
1878 2725 2080 2796 sollicitudo
2095 2725 2289 2816 colligendi

1210 2883 1218 2900 .
1293 2827 1380 2895 tales
1404 2825 1563 2896 fasciolas
1587 2829 1633 2897 ad
1652 2840 1803 2918 partum.
1860 2823 1932 2896 Sed
1960 2839 2078 2898 tamen
2100 2821 2188 2896 haec
2213 2829 2287 2918 ipsa

1294 2927 1484 2996 necessaria
1499 2939 1561 3000 est.
1606 2926 1758 2999 Utinam
1777 2951 1852 2998 nou
1863 2928 2101 2998 lacerarentur
2117 2923 2287 2998 humanis

1294 3027 1473 3100 furoribus
1495 3022 1542 3100 cd
1567 3021 1767 3128 σπάργανα
1782 3025 1959 3098 Ecclesiae
1985 3043 2021 3098 et
2040 3031 2286 3120 imperiorum.

1293 3127 1390 3214 Cras,
1414 3127 1491 3199 Deo
1506 3130 1659 3216 iuvante,
1684 3131 1752 3201 iter
1765 3129 1955 3220 ingrediar.
1999 3127 2169 3219 Quotidie
2183 3154 2285 3199 mane

1212 3284 1219 3301 .
1294 3230 1465 3322 aspiciens
1490 3229 1608 3302 lovem
1631 3247 1666 3303 et
1687 3230 1840 3302 Martem
1870 3234 1914 3302 de
1937 3245 1997 3302 tua
2021 3233 2129 3300 domo
2157 3233 2287 3322 cogito·

1294 3329 1485 3425 Existimo,
1510 3355 1587 3402 eam
1603 3333 1692 3402 coeli
1716 3347 1849 3428 partem
1868 3331 1938 3400 late
1959 3331 2135 3424 conspici,
2159 3332 2200 3400 in
2219 3356 2284 3426 qua

1295 3457 1396 3502 inane
1410 3449 1604 3504 cernuntur
1618 3429 1683 3503 hae
1699 3435 1830 3508 stellae.
1881 3431 1970 3502 Heri
1988 3457 2067 3504 cum
2092 3446 2180 3503 esset
2202 3457 2287 3504 con-

1295 3535 1429 3605 iunctio
1444 3533 1567 3604 Lunae
1582 3551 1616 3607 et
1625 3533 1765 3621 Martis,
1787 3537 1980 3606 admodum
1995 3547 2090 3606 recta
2103 3533 2200 3604 linea
2216 3547 2286 3604 erat

1296 3635 1423 3706 Martis
1438 3639 1482 3704 ad
1497 3635 1648 3710 Lunam.
1699 3635 1796 3706 Bene
1818 3651 1853 3708 et
1873 3635 2023 3716 feliciter
2040 3637 2131 3710 vale.
2183 3635 2286 3706 Salu-

1295 3753 1364 3808 tem
1380 3738 1481 3806 vobis
1499 3737 1664 3809 omuibus
1678 3751 1774 3830 opto.
1823 3735 1892 3808 Die
1905 3737 2135 3830 aequinoctii.

2039 3851 2241 3948 Philippus·

1317 4079 2285 4098 When-umm—

1434 4435 1635 4534 Ioltuuai
1657 4433 1900 4524 Fridericu
1927 4433 2150 4523 Hectori.

1303 4323 1513 4362 m

1365 4612 1388 4683 †
1406 4609 1442 4665 Es
1461 4607 1616 4684 spogrspbo
1633 4609 1662 4662 in
1677 4607 1744 4664 bibl.
1761 4607 1944 4680 Gnelpherls„
1968 4617 1995 4663 el
2013 4607 2171 4682 apographo
2187 4609 2214 4662 ia
2228 4609 2290 4662 cod.

1401 4679 1473 4736 Gali
1494 4683 1530 4734 ll.
1557 4699 1582 4750 p.
1595 4680 1655 4732 sta
1678 4711 1713 4723 -
1760 4677 1790 4730 ln
1810 4695 1862 4748 spo
1882 4696 1904 4732 r.
1928 4676 2000 4731 Guel
2020 4680 2066 4732 bb.
2086 4677 2218 4747 inscripta
2238 4687 2290 4730 ests

1400 4753 1454 4806 tet
1472 4751 1664 4818 &testacea
1682 4697 2133 4828 inmitteniqud'tusm
2151 4763 2192 4804 os
2208 4749 2290 4812 ber·

1401 4834 1455 4888 ase
1477 4820 1617 4884 Sobara
1636 4817 1813 4886 artearte,
1838 4815 2067 4884 distructis.
2084 4845 2121 4858 -
2158 4815 2291 4870 Pomm·

255 4839 290 4897 et
306 4821 439 4916 pedites
454 4807 587 4883 Italici
601 4831 640 4876 ac
656 4799 879 4888 Gerrnaaici,
905 4831 945 4875 ac
962 4819 1033 4876 tota
1049 4827 1105 4874 res
1120 4805 1247 4874 scelere

200 5001 207 5016 .
257 4941 292 4998 et
313 4919 513 5016 proditione
527 4905 760 5003 Harpiarum
782 4907 848 4996 (sie
874 4909 1039 4990 nomino,
1063 4929 1152 5000 quos
1172 4908 1249 4976 usi·
1271 4888 1274 4988 ξ

257 5040 327 5096 tate
359 5029 566 5108 nuncupant
598 5007 823 5096 Hussernus)
856 5023 928 5078 ecta
964 5008 1140 5079 scribitur.
1194 5003 1274 5079 lta!

1401 4905 1467 4939 num
1475 4889 1569 5006 ιιρέήιιιο
1583 4886 1646 4968 foco
1659 4903 1759 4938 nomen
1771 4901 1849 4937 suum
1869 4885 2058 4956 subscripsisse
2071 4885 2155 4939 docel
2173 4902 2291 4964 respon·

1400 4973 1460 5076 lien¹
1467 4951 1787 5091 piidii‘hiihfiitiniii
1796 4951 1988 5076 qddtbrreh'?
2002 4951 2292 5092 aegridiiibdpffi

259 5123 426 5217 paulatim
448 5116 594 5210 propius
616 5111 779 5182 accedent
797 5101 912 5176 Turci
931 5111 975 5178 ad
993 5101 1247 5186 Germaniam,
1272 5091 1275 5172 i
1402 5093 1526 5146 ‘⁶⁰³⁵oe
1538 5089 1658 5146 narrasti
1670 5091 1794 5157 5⁶¹5ss&
1807 5092 1834 5144 ¹¹¹
1847 5089 1909 5145 ΒΜ·
1924 5097 1995 5162 ⁵⁰⁸·
2008 5087 2124 5150 tants.
2140 5109 2167 5162 p
2178 5088 2241 5144 ΕΜ

258 5229 344 5297 ditm
365 5221 479 5290 nostri
500 5213 631 5286 heroes·
645 5209 811 5282 conducti
832 5233 851 5277 a
869 5201 1018 5294 Galles,
1048 5209 1246 5300 impediunt
1272 5258 1275 5300 ,
2089 5295 2095 5302 .

259 5321 511 5396 defensionem.
556 5316 632 5384 ‘Sed
654 5333 796 5382 oremus
811 5307 942 5380 Filium
966 5305 1052 5394 Dei,
1074 5323 1115 5379 nt
1135 5301 1277 5400 servet}
1335 5337 1364 5408 s)
1384 5335 1559 5408 msam„
1578 5353 1642 5388 cum
1661 5334 1777 5402 marito,
1797 5331 1921 5390 pm„
1938 5331 2044 5406 Tm„
2065 5334 2189 5404 degente.

390 5735 392 5740 ,
465 5698 610 5760 A
