<?xml version="1.0" encoding="UTF-8"?>
<!DOCTYPE html PUBLIC "-//W3C//DTD XHTML 1.0 Transitional//EN"
    "http://www.w3.org/TR/xhtml1/DTD/xhtml1-transitional.dtd">
<html xmlns="http://www.w3.org/1999/xhtml" xml:lang="en" lang="en">
 <head>
  <title>
</title>
<meta http-equiv="Content-Type" content="text/html;charset=utf-8" />
  <meta name='ocr-system' content='tesseract 3.04.00' />
  <meta name='ocr-capabilities' content='ocr_page ocr_carea ocr_par ocr_line ocrx_word'/>
</head>
<body>
  <div class='ocr_page' id='page_1' title='image "./corpusreformato20melagoog/corpusreformato20melagoog_0494.png"; bbox 0 0 4670 5808; ppageno 0'>
   <div class='ocr_carea' id='block_1_1' title="bbox 87 271 781 512">
    <p class='ocr_par' dir='ltr' id='par_1_1' title="bbox 87 271 781 512">
     <span class='ocr_line' id='line_1_1' title="bbox 87 271 153 350; baseline -0.121 0"><span class='ocrx_word' id='word_1_1' title='bbox 87 271 153 350; x_wconf 79' lang='grc'>967</span> 
     </span>
     <span class='ocr_line' id='line_1_2' title="bbox 367 428 781 512; baseline -0.007 -5"><span class='ocrx_word' id='word_1_2' title='bbox 367 431 423 512; x_wconf 93' lang='lat' dir='ltr'>D.</span> <span class='ocrx_word' id='word_1_3' title='bbox 447 428 601 507; x_wconf 81' lang='lat' dir='ltr'>Paulo</span> <span class='ocrx_word' id='word_1_4' title='bbox 632 429 781 504; x_wconf 84' lang='lat' dir='ltr'>Ebero</span> 
     </span>
    </p>
   </div>
   <div class='ocr_carea' id='block_1_2' title="bbox 21 575 1071 2802">
    <p class='ocr_par' dir='ltr' id='par_1_2' title="bbox 21 575 1071 2802">
     <span class='ocr_line' id='line_1_3' title="bbox 88 575 1071 673; baseline -0.017 -9"><span class='ocrx_word' id='word_1_5' title='bbox 88 575 130 664; x_wconf 78' lang='lat' dir='ltr'>S.</span> <span class='ocrx_word' id='word_1_6' title='bbox 154 587 196 663; x_wconf 88' lang='lat' dir='ltr'>D.</span> <span class='ocrx_word' id='word_1_7' title='bbox 245 581 462 658; x_wconf 78' lang='lat' dir='ltr'>charissime</span> <span class='ocrx_word' id='word_1_8' title='bbox 484 585 610 669; x_wconf 83' lang='lat' dir='ltr'>frater,</span> <span class='ocrx_word' id='word_1_9' title='bbox 642 581 734 658; x_wconf 91' lang='lat' dir='ltr'>Cum</span> <span class='ocrx_word' id='word_1_10' title='bbox 758 580 883 673; x_wconf 88' lang='lat' dir='ltr'>aspicis</span> <span class='ocrx_word' id='word_1_11' title='bbox 907 578 1071 650; x_wconf 91' lang='lat' dir='ltr'>dulcissi-</span> 
     </span>
     <span class='ocr_line' id='line_1_4' title="bbox 88 675 1070 776; baseline -0.01 -16"><span class='ocrx_word' id='word_1_12' title='bbox 88 715 173 762; x_wconf 85' lang='lat' dir='ltr'>mam</span> <span class='ocrx_word' id='word_1_13' title='bbox 187 687 355 760; x_wconf 86' lang='lat' dir='ltr'>lamiliam</span> <span class='ocrx_word' id='word_1_14' title='bbox 371 699 481 772; x_wconf 91' lang='lat' dir='ltr'>tuam,</span> <span class='ocrx_word' id='word_1_15' title='bbox 504 684 672 774; x_wconf 79' lang='lat' dir='ltr'><strong>cogitabis</strong></span> <span class='ocrx_word' id='word_1_16' title='bbox 689 698 723 756; x_wconf 89' lang='lat' dir='ltr'>et</span> <span class='ocrx_word' id='word_1_17' title='bbox 739 684 851 776; x_wconf 83' lang='lat' dir='ltr'><strong>ipsam</strong></span> <span class='ocrx_word' id='word_1_18' title='bbox 866 695 899 752; x_wconf 89' lang='lat' dir='ltr'>et</span> <span class='ocrx_word' id='word_1_19' title='bbox 917 675 1070 772; x_wconf 87' lang='lat' dir='ltr'>hospitia</span> 
     </span>
     <span class='ocr_line' id='line_1_5' title="bbox 88 783 1069 866; baseline -0.011 -5"><span class='ocrx_word' id='word_1_20' title='bbox 88 807 190 863; x_wconf 87' lang='lat' dir='ltr'>vestra</span> <span class='ocrx_word' id='word_1_21' title='bbox 211 789 305 860; x_wconf 86' lang='lat' dir='ltr'>Filio</span> <span class='ocrx_word' id='word_1_22' title='bbox 330 785 397 858; x_wconf 92' lang='lat' dir='ltr'>Dei</span> <span class='ocrx_word' id='word_1_23' title='bbox 419 810 523 856; x_wconf 90' lang='lat' dir='ltr'>curae</span> <span class='ocrx_word' id='word_1_24' title='bbox 545 809 637 866; x_wconf 89' lang='lat' dir='ltr'>esse,</span> <span class='ocrx_word' id='word_1_25' title='bbox 678 809 719 856; x_wconf 86' lang='lat' dir='ltr'>ac</span> <span class='ocrx_word' id='word_1_26' title='bbox 742 783 941 855; x_wconf 88' lang='lat' dir='ltr'>studiorum</span> <span class='ocrx_word' id='word_1_27' title='bbox 966 805 1069 851; x_wconf 89' lang='lat' dir='ltr'>causa</span> 
     </span>
     <span class='ocr_line' id='line_1_6' title="bbox 87 881 1069 984; baseline -0.014 -21"><span class='ocrx_word' id='word_1_28' title='bbox 87 908 169 964; x_wconf 90' lang='lat' dir='ltr'>certe</span> <span class='ocrx_word' id='word_1_29' title='bbox 189 905 271 984; x_wconf 93' lang='lat' dir='ltr'>opto</span> <span class='ocrx_word' id='word_1_30' title='bbox 293 903 452 960; x_wconf 91' lang='lat' dir='ltr'>nostram</span> <span class='ocrx_word' id='word_1_31' title='bbox 467 881 570 982; x_wconf 80' lang='lat' dir='ltr'>Argo</span> <span class='ocrx_word' id='word_1_32' title='bbox 585 885 735 972; x_wconf 87' lang='lat' dir='ltr'>servari,</span> <span class='ocrx_word' id='word_1_33' title='bbox 759 885 902 979; x_wconf 89' lang='lat' dir='ltr'>quaein</span> <span class='ocrx_word' id='word_1_34' title='bbox 920 883 1000 952; x_wconf 90' lang='lat' dir='ltr'>aliis</span> <span class='ocrx_word' id='word_1_35' title='bbox 1015 883 1069 950; x_wconf 91' lang='lat' dir='ltr'>lo-</span> 
     </span>
     <span class='ocr_line' id='line_1_7' title="bbox 86 985 1068 1087; baseline -0.01 -24"><span class='ocrx_word' id='word_1_36' title='bbox 86 996 145 1080; x_wconf 90' lang='lat' dir='ltr'>eis,</span> <span class='ocrx_word' id='word_1_37' title='bbox 169 993 286 1087; x_wconf 88' lang='lat' dir='ltr'>qualia</span> <span class='ocrx_word' id='word_1_38' title='bbox 300 992 390 1076; x_wconf 91' lang='lat' dir='ltr'>sint,</span> <span class='ocrx_word' id='word_1_39' title='bbox 416 989 543 1082; x_wconf 88' lang='lat' dir='ltr'>scripta</span> <span class='ocrx_word' id='word_1_40' title='bbox 559 989 754 1082; x_wconf 82' lang='lat' dir='ltr'>multorum</span> <span class='ocrx_word' id='word_1_41' title='bbox 769 987 926 1056; x_wconf 79' lang='lat' dir='ltr'>inrehus</span> <span class='ocrx_word' id='word_1_42' title='bbox 941 985 1068 1054; x_wconf 92' lang='lat' dir='ltr'>obscu-</span> 
     </span>
     <span class='ocr_line' id='line_1_8' title="bbox 85 1085 1069 1165; baseline -0.013 -1"><span class='ocrx_word' id='word_1_43' title='bbox 85 1095 230 1165; x_wconf 75' lang='lat' dir='ltr'>rioribus</span> <span class='ocrx_word' id='word_1_44' title='bbox 251 1093 454 1163; x_wconf 91' lang='lat' dir='ltr'>ostendunt.</span> <span class='ocrx_word' id='word_1_45' title='bbox 504 1087 593 1160; x_wconf 88' lang='lat' dir='ltr'>Heri</span> <span class='ocrx_word' id='word_1_46' title='bbox 613 1104 754 1160; x_wconf 87' lang='lat' dir='ltr'>tuarum</span> <span class='ocrx_word' id='word_1_47' title='bbox 769 1089 950 1157; x_wconf 88' lang='lat' dir='ltr'>literarum</span> <span class='ocrx_word' id='word_1_48' title='bbox 964 1085 1069 1153; x_wconf 88' lang='lat' dir='ltr'>lasci-</span> 
     </span>
     <span class='ocr_line' id='line_1_9' title="bbox 21 1185 1068 1284; baseline -0.013 -17"><span class='ocrx_word' id='word_1_49' title='bbox 21 1265 25 1274; x_wconf 77' lang='lat'>,</span> <span class='ocrx_word' id='word_1_50' title='bbox 84 1197 194 1266; x_wconf 93' lang='lat' dir='ltr'>culum</span> <span class='ocrx_word' id='word_1_51' title='bbox 207 1192 335 1284; x_wconf 89' lang='lat' dir='ltr'>accepi,</span> <span class='ocrx_word' id='word_1_52' title='bbox 358 1192 397 1261; x_wconf 92' lang='lat' dir='ltr'>in</span> <span class='ocrx_word' id='word_1_53' title='bbox 412 1191 543 1284; x_wconf 89' lang='lat' dir='ltr'>quibus</span> <span class='ocrx_word' id='word_1_54' title='bbox 557 1189 727 1261; x_wconf 79' lang='lat' dir='ltr'>describis</span> <span class='ocrx_word' id='word_1_55' title='bbox 739 1188 931 1258; x_wconf 89' lang='lat' dir='ltr'>lectionum</span> <span class='ocrx_word' id='word_1_56' title='bbox 947 1185 1068 1255; x_wconf 89' lang='lat' dir='ltr'>distri-</span> 
     </span>
     <span class='ocr_line' id='line_1_10' title="bbox 84 1281 1067 1388; baseline -0.012 -20"><span class='ocrx_word' id='word_1_57' title='bbox 84 1297 279 1384; x_wconf 86' lang='lat' dir='ltr'>butionem,</span> <span class='ocrx_word' id='word_1_58' title='bbox 306 1317 393 1388; x_wconf 88' lang='lat' dir='ltr'>quas</span> <span class='ocrx_word' id='word_1_59' title='bbox 408 1307 449 1364; x_wconf 92' lang='lat' dir='ltr'>ut</span> <span class='ocrx_word' id='word_1_60' title='bbox 465 1289 579 1362; x_wconf 84' lang='lat' dir='ltr'>Filius</span> <span class='ocrx_word' id='word_1_61' title='bbox 593 1289 661 1362; x_wconf 93' lang='lat' dir='ltr'>Dei</span> <span class='ocrx_word' id='word_1_62' title='bbox 677 1293 860 1382; x_wconf 77' lang='lat' dir='ltr'>gubernet,</span> <span class='ocrx_word' id='word_1_63' title='bbox 886 1301 982 1378; x_wconf 88' lang='lat' dir='ltr'>opto.</span> <span class='ocrx_word' id='word_1_64' title='bbox 1019 1281 1067 1356; x_wconf 85' lang='lat' dir='ltr'>Et</span> 
     </span>
     <span class='ocr_line' id='line_1_11' title="bbox 84 1391 1066 1486; baseline -0.013 -18"><span class='ocrx_word' id='word_1_65' title='bbox 84 1397 264 1468; x_wconf 89' lang='lat' dir='ltr'>consilium</span> <span class='ocrx_word' id='word_1_66' title='bbox 284 1407 384 1466; x_wconf 89' lang='lat' dir='ltr'>tuum</span> <span class='ocrx_word' id='word_1_67' title='bbox 409 1407 443 1466; x_wconf 90' lang='lat' dir='ltr'>et</span> <span class='ocrx_word' id='word_1_68' title='bbox 464 1393 624 1462; x_wconf 87' lang='lat' dir='ltr'>omnium</span> <span class='ocrx_word' id='word_1_69' title='bbox 640 1393 734 1486; x_wconf 91' lang='lat' dir='ltr'>piam</span> <span class='ocrx_word' id='word_1_70' title='bbox 750 1391 968 1461; x_wconf 86' lang='lat' dir='ltr'>voluntatem</span> <span class='ocrx_word' id='word_1_71' title='bbox 982 1411 1066 1480; x_wconf 90' lang='lat' dir='ltr'>pro·</span> 
     </span>
     <span class='ocr_line' id='line_1_12' title="bbox 84 1486 1066 1590; baseline -0.013 -21"><span class='ocrx_word' id='word_1_72' title='bbox 84 1499 135 1570; x_wconf 91' lang='lat' dir='ltr'>bo.</span> <span class='ocrx_word' id='word_1_73' title='bbox 182 1497 293 1590; x_wconf 87' lang='lat' dir='ltr'>Spero</span> <span class='ocrx_word' id='word_1_74' title='bbox 310 1508 427 1564; x_wconf 89' lang='lat' dir='ltr'>autem</span> <span class='ocrx_word' id='word_1_75' title='bbox 443 1518 509 1564; x_wconf 92' lang='lat' dir='ltr'>nos</span> <span class='ocrx_word' id='word_1_76' title='bbox 525 1493 626 1563; x_wconf 88' lang='lat' dir='ltr'>brevi</span> <span class='ocrx_word' id='word_1_77' title='bbox 642 1494 818 1563; x_wconf 91' lang='lat' dir='ltr'>redituros</span> <span class='ocrx_word' id='word_1_78' title='bbox 836 1513 918 1560; x_wconf 87' lang='lat' dir='ltr'>esse.</span> <span class='ocrx_word' id='word_1_79' title='bbox 969 1486 1066 1559; x_wconf 87' lang='lat' dir='ltr'>Scri-</span> 
     </span>
     <span class='ocr_line' id='line_1_13' title="bbox 81 1586 1065 1683; baseline -0.013 -14"><span class='ocrx_word' id='word_1_80' title='bbox 81 1599 130 1669; x_wconf 89' lang='lat' dir='ltr'>bit</span> <span class='ocrx_word' id='word_1_81' title='bbox 151 1599 245 1667; x_wconf 90' lang='lat' dir='ltr'>enim</span> <span class='ocrx_word' id='word_1_82' title='bbox 267 1589 471 1666; x_wconf 80' lang='lat' dir='ltr'>Steidonus</span> <span class='ocrx_word' id='word_1_83' title='bbox 492 1620 533 1665; x_wconf 90' lang='lat' dir='ltr'>ex</span> <span class='ocrx_word' id='word_1_84' title='bbox 554 1589 593 1664; x_wconf 86' lang='lat' dir='ltr'><strong><em>T</em></strong></span> <span class='ocrx_word' id='word_1_85' title='bbox 592 1588 734 1664; x_wconf 83' lang='lat' dir='ltr'>ridente</span> <span class='ocrx_word' id='word_1_86' title='bbox 761 1586 1065 1683; x_wconf 75' lang='lat' dir='ltr'>Wrtenbergen-</span> 
     </span>
     <span class='ocr_line' id='line_1_14' title="bbox 80 1690 1065 1792; baseline -0.011 -23"><span class='ocrx_word' id='word_1_87' title='bbox 80 1721 131 1770; x_wconf 84' lang='lat' dir='ltr'>ses</span> <span class='ocrx_word' id='word_1_88' title='bbox 150 1701 279 1789; x_wconf 87' lang='lat' dir='ltr'>legatos</span> <span class='ocrx_word' id='word_1_89' title='bbox 303 1698 402 1767; x_wconf 92' lang='lat' dir='ltr'>brevi</span> <span class='ocrx_word' id='word_1_90' title='bbox 417 1721 458 1766; x_wconf 89' lang='lat' dir='ltr'>ex</span> <span class='ocrx_word' id='word_1_91' title='bbox 474 1695 620 1792; x_wconf 87' lang='lat' dir='ltr'>Synodo</span> <span class='ocrx_word' id='word_1_92' title='bbox 638 1696 850 1766; x_wconf 85' lang='lat' dir='ltr'>discessuros</span> <span class='ocrx_word' id='word_1_93' title='bbox 866 1715 957 1775; x_wconf 90' lang='lat' dir='ltr'>esse,</span> <span class='ocrx_word' id='word_1_94' title='bbox 982 1690 1065 1784; x_wconf 89' lang='lat' dir='ltr'>quia</span> 
     </span>
     <span class='ocr_line' id='line_1_15' title="bbox 81 1791 1064 1890; baseline -0.01 -22"><span class='ocrx_word' id='word_1_95' title='bbox 81 1825 177 1870; x_wconf 90' lang='lat' dir='ltr'>nemo</span> <span class='ocrx_word' id='word_1_96' title='bbox 201 1801 252 1870; x_wconf 91' lang='lat' dir='ltr'>eis</span> <span class='ocrx_word' id='word_1_97' title='bbox 265 1799 453 1890; x_wconf 81' lang='lat' dir='ltr'>respondet</span> <span class='ocrx_word' id='word_1_98' title='bbox 466 1799 510 1866; x_wconf 92' lang='lat' dir='ltr'>ad</span> <span class='ocrx_word' id='word_1_99' title='bbox 527 1821 565 1866; x_wconf 90' lang='lat' dir='ltr'>ea</span> <span class='ocrx_word' id='word_1_100' title='bbox 583 1821 671 1890; x_wconf 89' lang='lat' dir='ltr'>quae</span> <span class='ocrx_word' id='word_1_101' title='bbox 687 1797 742 1865; x_wconf 89' lang='lat' dir='ltr'>vel</span> <span class='ocrx_word' id='word_1_102' title='bbox 756 1793 983 1875; x_wconf 89' lang='lat' dir='ltr'>obtulerunt,</span> <span class='ocrx_word' id='word_1_103' title='bbox 1008 1791 1064 1859; x_wconf 89' lang='lat' dir='ltr'>vel</span> 
     </span>
     <span class='ocr_line' id='line_1_16' title="bbox 80 1886 1067 1993; baseline -0.013 -21"><span class='ocrx_word' id='word_1_104' title='bbox 80 1902 286 1993; x_wconf 86' lang='lat' dir='ltr'>petiverunt.</span> <span class='ocrx_word' id='word_1_105' title='bbox 350 1897 421 1970; x_wconf 91' lang='lat' dir='ltr'>Sed</span> <span class='ocrx_word' id='word_1_106' title='bbox 449 1898 555 1987; x_wconf 89' lang='lat' dir='ltr'>legito</span> <span class='ocrx_word' id='word_1_107' title='bbox 585 1897 705 1966; x_wconf 89' lang='lat' dir='ltr'>amicis</span> <span class='ocrx_word' id='word_1_108' title='bbox 726 1919 868 1989; x_wconf 89' lang='lat' dir='ltr'>quoque</span> <span class='ocrx_word' id='word_1_109' title='bbox 891 1886 1067 1962; x_wconf 85' lang='lat' dir='ltr'>Sleidani</span> 
     </span>
     <span class='ocr_line' id='line_1_17' title="bbox 79 1993 1064 2092; baseline -0.008 -22"><span class='ocrx_word' id='word_1_110' title='bbox 79 2003 266 2092; x_wconf 80' lang='lat' dir='ltr'>epistolam.</span> <span class='ocrx_word' id='word_1_111' title='bbox 315 1998 385 2069; x_wconf 90' lang='lat' dir='ltr'>Hic</span> <span class='ocrx_word' id='word_1_112' title='bbox 406 1999 608 2068; x_wconf 77' lang='lat' dir='ltr'>adolescens</span> <span class='ocrx_word' id='word_1_113' title='bbox 627 1993 778 2091; x_wconf 83' lang='lat' dir='ltr'>Styrius</span> <span class='ocrx_word' id='word_1_114' title='bbox 801 1995 1064 2066; x_wconf 88' lang='lat' dir='ltr'>commendatus</span> 
     </span>
     <span class='ocr_line' id='line_1_18' title="bbox 79 2097 1063 2192; baseline -0.008 -20"><span class='ocrx_word' id='word_1_115' title='bbox 79 2115 125 2173; x_wconf 90' lang='lat' dir='ltr'>est</span> <span class='ocrx_word' id='word_1_116' title='bbox 140 2098 229 2171; x_wconf 90' lang='lat' dir='ltr'>mihi</span> <span class='ocrx_word' id='word_1_117' title='bbox 243 2126 263 2172; x_wconf 89' lang='lat' dir='ltr'>a</span> <span class='ocrx_word' id='word_1_118' title='bbox 279 2101 356 2170; x_wconf 88' lang='lat' dir='ltr'>viro</span> <span class='ocrx_word' id='word_1_119' title='bbox 370 2101 579 2192; x_wconf 82' lang='lat' dir='ltr'>praecipuae</span> <span class='ocrx_word' id='word_1_120' title='bbox 595 2097 810 2172; x_wconf 83' lang='lat' dir='ltr'>nobilitatis.</span> <span class='ocrx_word' id='word_1_121' title='bbox 845 2110 879 2168; x_wconf 89' lang='lat' dir='ltr'>et</span> <span class='ocrx_word' id='word_1_122' title='bbox 895 2122 913 2164; x_wconf 90' lang='lat' dir='ltr'>a</span> <span class='ocrx_word' id='word_1_123' title='bbox 934 2097 1063 2186; x_wconf 90' lang='lat' dir='ltr'>guber-</span> 
     </span>
     <span class='ocr_line' id='line_1_19' title="bbox 79 2195 1064 2295; baseline -0.005 -23"><span class='ocrx_word' id='word_1_124' title='bbox 79 2218 178 2274; x_wconf 89' lang='lat' dir='ltr'>nante</span> <span class='ocrx_word' id='word_1_125' title='bbox 192 2225 289 2272; x_wconf 90' lang='lat' dir='ltr'>nunc</span> <span class='ocrx_word' id='word_1_126' title='bbox 304 2198 486 2295; x_wconf 83' lang='lat' dir='ltr'>Styriam,</span> <span class='ocrx_word' id='word_1_127' title='bbox 512 2201 551 2269; x_wconf 93' lang='lat' dir='ltr'>in</span> <span class='ocrx_word' id='word_1_128' title='bbox 567 2195 793 2269; x_wconf 84' lang='lat' dir='ltr'>Academiam</span> <span class='ocrx_word' id='word_1_129' title='bbox 806 2211 964 2268; x_wconf 88' lang='lat' dir='ltr'>nostram</span> <span class='ocrx_word' id='word_1_130' title='bbox 978 2197 1064 2267; x_wconf 87' lang='lat' dir='ltr'>mis-</span> 
     </span>
     <span class='ocr_line' id='line_1_20' title="bbox 79 2299 1064 2392; baseline -0.007 -18"><span class='ocrx_word' id='word_1_131' title='bbox 79 2327 131 2374; x_wconf 88' lang='lat' dir='ltr'>sus</span> <span class='ocrx_word' id='word_1_132' title='bbox 154 2317 222 2374; x_wconf 91' lang='lat' dir='ltr'>est:</span> <span class='ocrx_word' id='word_1_133' title='bbox 255 2301 370 2392; x_wconf 84' lang='lat' dir='ltr'>Reges</span> <span class='ocrx_word' id='word_1_134' title='bbox 391 2303 500 2392; x_wconf 89' lang='lat' dir='ltr'>igitur</span> <span class='ocrx_word' id='word_1_135' title='bbox 518 2325 598 2370; x_wconf 92' lang='lat' dir='ltr'>eum</span> <span class='ocrx_word' id='word_1_136' title='bbox 621 2299 771 2370; x_wconf 89' lang='lat' dir='ltr'>consilio</span> <span class='ocrx_word' id='word_1_137' title='bbox 795 2311 877 2384; x_wconf 88' lang='lat' dir='ltr'>tuo,</span> <span class='ocrx_word' id='word_1_138' title='bbox 909 2311 944 2368; x_wconf 92' lang='lat' dir='ltr'>et</span> <span class='ocrx_word' id='word_1_139' title='bbox 963 2321 1064 2387; x_wconf 86' lang='lat' dir='ltr'>prae-</span> 
     </span>
     <span class='ocr_line' id='line_1_21' title="bbox 77 2399 1064 2475; baseline -0.006 -1"><span class='ocrx_word' id='word_1_140' title='bbox 77 2406 199 2475; x_wconf 85' lang='lat' dir='ltr'>scribes</span> <span class='ocrx_word' id='word_1_141' title='bbox 233 2403 392 2474; x_wconf 90' lang='lat' dir='ltr'>discendi</span> <span class='ocrx_word' id='word_1_142' title='bbox 420 2403 593 2474; x_wconf 90' lang='lat' dir='ltr'>ordinem.</span> <span class='ocrx_word' id='word_1_143' title='bbox 650 2399 789 2470; x_wconf 90' lang='lat' dir='ltr'>Viatico</span> <span class='ocrx_word' id='word_1_144' title='bbox 814 2400 983 2469; x_wconf 90' lang='lat' dir='ltr'>mediocri</span> <span class='ocrx_word' id='word_1_145' title='bbox 1006 2399 1064 2468; x_wconf 91' lang='lat' dir='ltr'>in-</span> 
     </span>
     <span class='ocr_line' id='line_1_22' title="bbox 76 2497 1061 2592; baseline -0.008 -18"><span class='ocrx_word' id='word_1_146' title='bbox 76 2519 220 2576; x_wconf 89' lang='lat' dir='ltr'>structus</span> <span class='ocrx_word' id='word_1_147' title='bbox 245 2518 306 2580; x_wconf 90' lang='lat' dir='ltr'>est.</span> <span class='ocrx_word' id='word_1_148' title='bbox 357 2501 591 2575; x_wconf 79' lang='lat' dir='ltr'>Commendas</span> <span class='ocrx_word' id='word_1_149' title='bbox 613 2525 693 2574; x_wconf 89' lang='lat' dir='ltr'>eum</span> <span class='ocrx_word' id='word_1_150' title='bbox 712 2497 983 2572; x_wconf 78' lang='lat' dir='ltr'>Vienmmibus</span> <span class='ocrx_word' id='word_1_151' title='bbox 1001 2500 1061 2592; x_wconf 87' lang='lat' dir='ltr'>qui</span> 
     </span>
     <span class='ocr_line' id='line_1_23' title="bbox 76 2597 1063 2678; baseline -0.006 -2"><span class='ocrx_word' id='word_1_152' title='bbox 76 2601 255 2676; x_wconf 84' lang='lat' dir='ltr'>Marcello</span> <span class='ocrx_word' id='word_1_153' title='bbox 274 2605 467 2676; x_wconf 80' lang='lat' dir='ltr'>familiares</span> <span class='ocrx_word' id='word_1_154' title='bbox 486 2605 644 2676; x_wconf 83' lang='lat' dir='ltr'>luerunt.</span> <span class='ocrx_word' id='word_1_155' title='bbox 691 2601 790 2672; x_wconf 87' lang='lat' dir='ltr'>Bene</span> <span class='ocrx_word' id='word_1_156' title='bbox 804 2602 893 2678; x_wconf 86' lang='lat' dir='ltr'>vale.</span> <span class='ocrx_word' id='word_1_157' title='bbox 943 2597 980 2675; x_wconf 81' lang='lat'>4.</span> <span class='ocrx_word' id='word_1_158' title='bbox 993 2597 1063 2671; x_wconf 85' lang='lat' dir='ltr'>Fe-</span> 
     </span>
     <span class='ocr_line' id='line_1_24' title="bbox 76 2701 464 2802; baseline -0.005 -24"><span class='ocrx_word' id='word_1_159' title='bbox 76 2707 205 2778; x_wconf 89' lang='lat' dir='ltr'>bruarii</span> <span class='ocrx_word' id='word_1_160' title='bbox 222 2701 464 2802; x_wconf 83' lang='lat' dir='ltr'>Noribergae.</span> 
     </span>
    </p>
   </div>
   <div class='ocr_carea' id='block_1_3' title="bbox 74 3109 263 3185">
    <p class='ocr_par' dir='ltr' id='par_1_3' title="bbox 74 3109 263 3185">
     <span class='ocr_line' id='line_1_25' title="bbox 74 3109 263 3185; baseline 0.016 -3"><span class='ocrx_word' id='word_1_161' title='bbox 74 3109 133 3185; x_wconf 82' lang='lat' dir='ltr'>No.</span> <span class='ocrx_word' id='word_1_162' title='bbox 148 3109 263 3185; x_wconf 78' lang='lat'>⁵046.</span> 
     </span>
    </p>
   </div>
   <div class='ocr_carea' id='block_1_4' title="bbox 79 3206 285 3246">
    <p class='ocr_par' dir='ltr' id='par_1_4' title="bbox 79 3206 285 3246">
     <span class='ocr_line' id='line_1_26' title="bbox 79 3206 285 3246; baseline 0.01 -2"><span class='ocrx_word' id='word_1_163' title='bbox 79 3206 285 3246; x_wconf 54' lang='lat' dir='ltr'>m</span> 
     </span>
    </p>
   </div>
   <div class='ocr_carea' id='block_1_5' title="bbox 726 3109 1046 3192">
    <p class='ocr_par' dir='ltr' id='par_1_5' title="bbox 726 3109 1046 3192">
     <span class='ocr_line' id='line_1_27' title="bbox 726 3109 1046 3192; baseline -0.009 -18"><span class='ocrx_word' id='word_1_164' title='bbox 726 3117 759 3184; x_wconf 81' lang='grc'><strong>5.</strong></span> <span class='ocrx_word' id='word_1_165' title='bbox 775 3111 861 3174; x_wconf 85' lang='lat' dir='ltr'>Febr.</span> <span class='ocrx_word' id='word_1_166' title='bbox 888 3109 1046 3192; x_wconf 86' lang='lat' dir='ltr'>(Norinb.)</span> 
     </span>
    </p>
   </div>
   <div class='ocr_carea' id='block_1_6' title="bbox 133 3289 924 3524">
    <p class='ocr_par' dir='ltr' id='par_1_6' title="bbox 133 3289 924 3524">
     <span class='ocr_line' id='line_1_28' title="bbox 339 3289 794 3379; baseline -0.011 0"><span class='ocrx_word' id='word_1_167' title='bbox 339 3289 390 3379; x_wconf 78' lang='lat' dir='ltr'>G.</span> <span class='ocrx_word' id='word_1_168' title='bbox 419 3289 794 3378; x_wconf 80' lang='lat' dir='ltr'>Commerstadio.</span> 
     </span>
     <span class='ocr_line' id='line_1_29' title="bbox 133 3447 924 3524; baseline 0.003 -20"><span class='ocrx_word' id='word_1_169' title='bbox 133 3449 219 3524; x_wconf 69' lang='lat' dir='ltr'>epac</span> <span class='ocrx_word' id='word_1_170' title='bbox 236 3448 283 3506; x_wconf 85' lang='lat' dir='ltr'>n.</span> <span class='ocrx_word' id='word_1_171' title='bbox 296 3449 332 3506; x_wconf 91' lang='lat' dir='ltr'>u.</span> <span class='ocrx_word' id='word_1_172' title='bbox 349 3468 376 3524; x_wconf 75' lang='lat' dir='ltr'>p.</span> <span class='ocrx_word' id='word_1_173' title='bbox 388 3447 449 3505; x_wconf 76' lang='lat' dir='ltr'>aaa.</span> <span class='ocrx_word' id='word_1_174' title='bbox 469 3447 545 3520; x_wconf 59' lang='lat' dir='ltr'>(saar.</span> <span class='ocrx_word' id='word_1_175' title='bbox 560 3447 653 3504; x_wconf 70' lang='lat' dir='ltr'>cana.</span> <span class='ocrx_word' id='word_1_176' title='bbox 672 3447 720 3506; x_wconf 83' lang='lat' dir='ltr'>n.</span> <span class='ocrx_word' id='word_1_177' title='bbox 733 3449 768 3503; x_wconf 92' lang='lat' dir='ltr'>u.</span> <span class='ocrx_word' id='word_1_178' title='bbox 787 3466 829 3522; x_wconf 66' lang='lat' dir='ltr'>ep.</span> <span class='ocrx_word' id='word_1_179' title='bbox 841 3447 924 3520; x_wconf 75' lang='lat' dir='ltr'>sua.</span> 
     </span>
    </p>
   </div>
   <div class='ocr_carea' id='block_1_7' title="bbox 235 3598 1015 3719">
    <p class='ocr_par' dir='ltr' id='par_1_7' title="bbox 235 3598 1015 3719">
     <span class='ocr_line' id='line_1_30' title="bbox 235 3598 1015 3719; baseline 0 -43"><span class='ocrx_word' id='word_1_180' title='bbox 235 3598 884 3719; x_wconf 18' lang='lat' dir='ltr'>D.·GeorgioCumerstadio</span> <span class='ocrx_word' id='word_1_181' title='bbox 1012 3649 1015 3656; x_wconf 89' lang='lat'>·</span> 
     </span>
    </p>
   </div>
   <div class='ocr_carea' id='block_1_8' title="bbox 65 3739 1058 5156">
    <p class='ocr_par' dir='ltr' id='par_1_8' title="bbox 65 3739 1058 5156">
     <span class='ocr_line' id='line_1_31' title="bbox 70 3739 1057 3845; baseline -0.001 -17"><span class='ocrx_word' id='word_1_182' title='bbox 70 3739 115 3828; x_wconf 77' lang='lat' dir='ltr'>S.</span> <span class='ocrx_word' id='word_1_183' title='bbox 138 3753 182 3831; x_wconf 88' lang='lat' dir='ltr'>D.</span> <span class='ocrx_word' id='word_1_184' title='bbox 235 3751 423 3843; x_wconf 87' lang='lat' dir='ltr'>Magnifice</span> <span class='ocrx_word' id='word_1_185' title='bbox 439 3753 494 3822; x_wconf 90' lang='lat' dir='ltr'>vir</span> <span class='ocrx_word' id='word_1_186' title='bbox 509 3767 544 3825; x_wconf 89' lang='lat' dir='ltr'>et</span> <span class='ocrx_word' id='word_1_187' title='bbox 556 3767 705 3845; x_wconf 91' lang='lat' dir='ltr'>patrone</span> <span class='ocrx_word' id='word_1_188' title='bbox 720 3755 884 3840; x_wconf 91' lang='lat' dir='ltr'>colende,</span> <span class='ocrx_word' id='word_1_189' title='bbox 908 3753 1000 3826; x_wconf 90' lang='lat' dir='ltr'>Cum</span> <span class='ocrx_word' id='word_1_190' title='bbox 1014 3757 1057 3827; x_wconf 88' lang='lat' dir='ltr'>ad</span> 
     </span>
     <span class='ocr_line' id='line_1_32' title="bbox 70 3855 1058 3946; baseline 0 -19"><span class='ocrx_word' id='word_1_191' title='bbox 70 3859 224 3946; x_wconf 90' lang='lat' dir='ltr'>publicas</span> <span class='ocrx_word' id='word_1_192' title='bbox 246 3877 346 3924; x_wconf 88' lang='lat' dir='ltr'>curas</span> <span class='ocrx_word' id='word_1_193' title='bbox 365 3877 484 3924; x_wconf 91' lang='lat' dir='ltr'>rerum</span> <span class='ocrx_word' id='word_1_194' title='bbox 507 3855 739 3926; x_wconf 88' lang='lat' dir='ltr'>maximarum</span> <span class='ocrx_word' id='word_1_195' title='bbox 761 3857 942 3926; x_wconf 87' lang='lat' dir='ltr'>accessisse</span> <span class='ocrx_word' id='word_1_196' title='bbox 958 3858 1058 3927; x_wconf 85' lang='lat' dir='ltr'>vobis</span> 
     </span>
     <span class='ocr_line' id='line_1_33' title="bbox 70 3954 1058 4046; baseline 0 -18"><span class='ocrx_word' id='word_1_197' title='bbox 70 3959 168 4028; x_wconf 89' lang='lat' dir='ltr'>etiam</span> <span class='ocrx_word' id='word_1_198' title='bbox 192 3954 424 4026; x_wconf 87' lang='lat' dir='ltr'>domesticum</span> <span class='ocrx_word' id='word_1_199' title='bbox 446 3956 581 4025; x_wconf 89' lang='lat' dir='ltr'>luctum</span> <span class='ocrx_word' id='word_1_200' title='bbox 602 3957 781 4046; x_wconf 85' lang='lat' dir='ltr'>ingentem</span> <span class='ocrx_word' id='word_1_201' title='bbox 797 3958 1058 4046; x_wconf 69' lang='lat' dir='ltr'>intellexissem,</span> 
     </span>
     <span class='ocr_line' id='line_1_34' title="bbox 69 4061 1058 4141; baseline 0.003 -13"><span class='ocrx_word' id='word_1_202' title='bbox 69 4061 165 4130; x_wconf 80' lang='lat' dir='ltr'>valde</span> <span class='ocrx_word' id='word_1_203' title='bbox 182 4068 428 4128; x_wconf 89' lang='lat' dir='ltr'>consternatus</span> <span class='ocrx_word' id='word_1_204' title='bbox 447 4079 546 4141; x_wconf 89' lang='lat' dir='ltr'>sum,</span> <span class='ocrx_word' id='word_1_205' title='bbox 580 4069 614 4126; x_wconf 87' lang='lat' dir='ltr'>et</span> <span class='ocrx_word' id='word_1_206' title='bbox 633 4081 714 4128; x_wconf 91' lang='lat' dir='ltr'>cum</span> <span class='ocrx_word' id='word_1_207' title='bbox 738 4073 851 4130; x_wconf 89' lang='lat' dir='ltr'>vestra</span> <span class='ocrx_word' id='word_1_208' title='bbox 872 4081 973 4130; x_wconf 89' lang='lat' dir='ltr'>causa</span> <span class='ocrx_word' id='word_1_209' title='bbox 992 4061 1058 4131; x_wconf 92' lang='lat' dir='ltr'>do-</span> 
     </span>
     <span class='ocr_line' id='line_1_35' title="bbox 70 4155 1056 4250; baseline 0.001 -22"><span class='ocrx_word' id='word_1_210' title='bbox 70 4161 140 4242; x_wconf 90' lang='lat' dir='ltr'>leo,</span> <span class='ocrx_word' id='word_1_211' title='bbox 164 4173 243 4230; x_wconf 91' lang='lat' dir='ltr'>tum</span> <span class='ocrx_word' id='word_1_212' title='bbox 258 4181 343 4226; x_wconf 92' lang='lat' dir='ltr'>vero</span> <span class='ocrx_word' id='word_1_213' title='bbox 359 4170 504 4248; x_wconf 89' lang='lat' dir='ltr'>propter</span> <span class='ocrx_word' id='word_1_214' title='bbox 519 4155 712 4248; x_wconf 89' lang='lat' dir='ltr'>Rempubl.</span> <span class='ocrx_word' id='word_1_215' title='bbox 728 4181 818 4250; x_wconf 87' lang='lat' dir='ltr'>quae</span> <span class='ocrx_word' id='word_1_216' title='bbox 834 4160 872 4229; x_wconf 90' lang='lat' dir='ltr'>in</span> <span class='ocrx_word' id='word_1_217' title='bbox 889 4155 946 4229; x_wconf 91' lang='lat' dir='ltr'>his</span> <span class='ocrx_word' id='word_1_218' title='bbox 959 4183 1056 4228; x_wconf 89' lang='lat' dir='ltr'>sum-</span> 
     </span>
     <span class='ocr_line' id='line_1_36' title="bbox 70 4255 1057 4354; baseline 0.002 -24"><span class='ocrx_word' id='word_1_219' title='bbox 70 4263 131 4330; x_wconf 88' lang='lat' dir='ltr'>mis</span> <span class='ocrx_word' id='word_1_220' title='bbox 158 4257 326 4354; x_wconf 86' lang='lat' dir='ltr'>periculis</span> <span class='ocrx_word' id='word_1_221' title='bbox 349 4255 506 4328; x_wconf 62' lang='lat' dir='ltr'>&#39;maxime</span> <span class='ocrx_word' id='word_1_222' title='bbox 524 4257 661 4348; x_wconf 79' lang='lat' dir='ltr'>indiget</span> <span class='ocrx_word' id='word_1_223' title='bbox 686 4259 855 4352; x_wconf 81' lang='lat' dir='ltr'>consilio,</span> <span class='ocrx_word' id='word_1_224' title='bbox 884 4283 988 4342; x_wconf 87' lang='lat' dir='ltr'>voce,</span> <span class='ocrx_word' id='word_1_225' title='bbox 1022 4273 1057 4332; x_wconf 88' lang='lat' dir='ltr'>et</span> 
     </span>
     <span class='ocr_line' id='line_1_37' title="bbox 69 4359 1056 4444; baseline -0.001 -12"><span class='ocrx_word' id='word_1_226' title='bbox 69 4365 252 4433; x_wconf 86' lang='lat' dir='ltr'>autoritate</span> <span class='ocrx_word' id='word_1_227' title='bbox 277 4371 412 4444; x_wconf 85' lang='lat' dir='ltr'>vestra,</span> <span class='ocrx_word' id='word_1_228' title='bbox 438 4359 572 4428; x_wconf 89' lang='lat' dir='ltr'>maiore</span> <span class='ocrx_word' id='word_1_229' title='bbox 594 4359 820 4428; x_wconf 90' lang='lat' dir='ltr'>solicitudine</span> <span class='ocrx_word' id='word_1_230' title='bbox 843 4373 877 4431; x_wconf 90' lang='lat' dir='ltr'>et</span> <span class='ocrx_word' id='word_1_231' title='bbox 893 4385 1056 4432; x_wconf 88' lang='lat' dir='ltr'>moerore</span> 
     </span>
     <span class='ocr_line' id='line_1_38' title="bbox 69 4455 1056 4552; baseline 0.002 -22"><span class='ocrx_word' id='word_1_232' title='bbox 69 4463 256 4534; x_wconf 77' lang='lat' dir='ltr'>exortatior.</span> <span class='ocrx_word' id='word_1_233' title='bbox 304 4455 371 4529; x_wconf 85' lang='lat' dir='ltr'>Est</span> <span class='ocrx_word' id='word_1_234' title='bbox 394 4460 543 4529; x_wconf 91' lang='lat' dir='ltr'>omnino</span> <span class='ocrx_word' id='word_1_235' title='bbox 568 4459 692 4549; x_wconf 90' lang='lat' dir='ltr'>ingens</span> <span class='ocrx_word' id='word_1_236' title='bbox 714 4458 901 4531; x_wconf 84' lang='lat' dir='ltr'>infirmitas</span> <span class='ocrx_word' id='word_1_237' title='bbox 917 4483 1056 4552; x_wconf 80' lang='lat' dir='ltr'>generis</span> 
     </span>
     <span class='ocr_line' id='line_1_39' title="bbox 68 4555 1055 4646; baseline 0.004 -14"><span class='ocrx_word' id='word_1_238' title='bbox 68 4557 232 4646; x_wconf 92' lang='lat' dir='ltr'>humani,</span> <span class='ocrx_word' id='word_1_239' title='bbox 264 4557 298 4631; x_wconf 76' lang='lat' dir='ltr'>e‘t</span> <span class='ocrx_word' id='word_1_240' title='bbox 319 4561 451 4630; x_wconf 88' lang='lat' dir='ltr'>multae</span> <span class='ocrx_word' id='word_1_241' title='bbox 467 4585 507 4630; x_wconf 91' lang='lat' dir='ltr'>ac</span> <span class='ocrx_word' id='word_1_242' title='bbox 522 4555 720 4630; x_wconf 88' lang='lat' dir='ltr'>horrendae</span> <span class='ocrx_word' id='word_1_243' title='bbox 734 4561 957 4634; x_wconf 81' lang='lat' dir='ltr'>confusiones</span> <span class='ocrx_word' id='word_1_244' title='bbox 971 4577 1055 4636; x_wconf 89' lang='lat' dir='ltr'>sunt</span> 
     </span>
     <span class='ocr_line' id='line_1_40' title="bbox 68 4658 1055 4754; baseline 0 -22"><span class='ocrx_word' id='word_1_245' title='bbox 68 4658 170 4735; x_wconf 89' lang='lat' dir='ltr'>huius</span> <span class='ocrx_word' id='word_1_246' title='bbox 193 4662 303 4745; x_wconf 83' lang='lat' dir='ltr'>vitae,</span> <span class='ocrx_word' id='word_1_247' title='bbox 334 4663 430 4754; x_wconf 85' lang='lat' dir='ltr'>quod</span> <span class='ocrx_word' id='word_1_248' title='bbox 454 4683 535 4730; x_wconf 89' lang='lat' dir='ltr'>cnm</span> <span class='ocrx_word' id='word_1_249' title='bbox 560 4684 662 4753; x_wconf 88' lang='lat' dir='ltr'>saepe</span> <span class='ocrx_word' id='word_1_250' title='bbox 683 4683 746 4732; x_wconf 90' lang='lat' dir='ltr'>vos</span> <span class='ocrx_word' id='word_1_251' title='bbox 769 4663 920 4752; x_wconf 87' lang='lat' dir='ltr'>cogitare</span> <span class='ocrx_word' id='word_1_252' title='bbox 936 4663 1055 4750; x_wconf 88' lang='lat' dir='ltr'>sciam,</span> 
     </span>
     <span class='ocr_line' id='line_1_41' title="bbox 67 4760 1053 4856; baseline 0.001 -23"><span class='ocrx_word' id='word_1_253' title='bbox 67 4787 136 4835; x_wconf 90' lang='lat' dir='ltr'>non</span> <span class='ocrx_word' id='word_1_254' title='bbox 158 4763 283 4834; x_wconf 88' lang='lat' dir='ltr'>dubito</span> <span class='ocrx_word' id='word_1_255' title='bbox 306 4760 412 4831; x_wconf 88' lang='lat' dir='ltr'>simul</span> <span class='ocrx_word' id='word_1_256' title='bbox 432 4761 537 4831; x_wconf 89' lang='lat' dir='ltr'>etiam</span> <span class='ocrx_word' id='word_1_257' title='bbox 553 4785 616 4831; x_wconf 84' lang='lat' dir='ltr'>vos</span> <span class='ocrx_word' id='word_1_258' title='bbox 632 4786 697 4853; x_wconf 92' lang='lat' dir='ltr'>pro</span> <span class='ocrx_word' id='word_1_259' title='bbox 714 4763 896 4834; x_wconf 82' lang='lat' dir='ltr'>excellenti</span> <span class='ocrx_word' id='word_1_260' title='bbox 913 4765 1053 4856; x_wconf 89' lang='lat' dir='ltr'>sapien-</span> 
     </span>
     <span class='ocr_line' id='line_1_42' title="bbox 66 4861 1053 4962; baseline 0.001 -26"><span class='ocrx_word' id='word_1_261' title='bbox 66 4865 111 4936; x_wconf 86' lang='lat' dir='ltr'>tia</span> <span class='ocrx_word' id='word_1_262' title='bbox 132 4879 246 4935; x_wconf 84' lang='lat' dir='ltr'>vestra</span> <span class='ocrx_word' id='word_1_263' title='bbox 268 4885 368 4931; x_wconf 85' lang='lat' dir='ltr'>veras</span> <span class='ocrx_word' id='word_1_264' title='bbox 383 4861 772 4960; x_wconf 86' lang='lat' dir='ltr'>consolationesmente</span> <span class='ocrx_word' id='word_1_265' title='bbox 788 4863 937 4952; x_wconf 85' lang='lat' dir='ltr'>intueri,</span> <span class='ocrx_word' id='word_1_266' title='bbox 962 4889 1053 4962; x_wconf 85' lang='lat' dir='ltr'>quae</span> 
     </span>
     <span class='ocr_line' id='line_1_43' title="bbox 67 4958 1051 5052; baseline -0.001 -15"><span class='ocrx_word' id='word_1_267' title='bbox 67 4991 137 5037; x_wconf 90' lang='lat' dir='ltr'>non</span> <span class='ocrx_word' id='word_1_268' title='bbox 163 4963 320 5036; x_wconf 83' lang='lat' dir='ltr'>humana</span> <span class='ocrx_word' id='word_1_269' title='bbox 351 4958 533 5051; x_wconf 86' lang='lat' dir='ltr'>diligentia</span> <span class='ocrx_word' id='word_1_270' title='bbox 562 4963 790 5052; x_wconf 82' lang='lat' dir='ltr'>investigatae</span> <span class='ocrx_word' id='word_1_271' title='bbox 814 4979 915 5050; x_wconf 89' lang='lat' dir='ltr'>sunt,</span> <span class='ocrx_word' id='word_1_272' title='bbox 944 4968 1004 5036; x_wconf 92' lang='lat' dir='ltr'>sed</span> <span class='ocrx_word' id='word_1_273' title='bbox 1031 4991 1051 5036; x_wconf 84' lang='lat' dir='ltr'>a</span> 
     </span>
     <span class='ocr_line' id='line_1_44' title="bbox 65 5063 1051 5156; baseline 0 -19"><span class='ocrx_word' id='word_1_274' title='bbox 65 5063 136 5139; x_wconf 90' lang='lat' dir='ltr'>Deo</span> <span class='ocrx_word' id='word_1_275' title='bbox 155 5065 338 5137; x_wconf 87' lang='lat' dir='ltr'>conditore</span> <span class='ocrx_word' id='word_1_276' title='bbox 353 5063 552 5133; x_wconf 86' lang='lat' dir='ltr'>illustribus</span> <span class='ocrx_word' id='word_1_277' title='bbox 563 5063 773 5135; x_wconf 90' lang='lat' dir='ltr'>testimoniis</span> <span class='ocrx_word' id='word_1_278' title='bbox 787 5068 992 5156; x_wconf 81' lang='lat' dir='ltr'>patefactae,</span> <span class='ocrx_word' id='word_1_279' title='bbox 1016 5081 1051 5138; x_wconf 91' lang='lat' dir='ltr'>et</span> 
     </span>
    </p>
   </div>
   <div class='ocr_carea' id='block_1_9' title="bbox 647 250 1539 342">
    <p class='ocr_par' dir='ltr' id='par_1_9' title="bbox 647 250 1539 342">
     <span class='ocr_line' id='line_1_45' title="bbox 647 250 1539 342; baseline 0.002 -2"><span class='ocrx_word' id='word_1_280' title='bbox 647 250 1085 340; x_wconf 82' lang='lat' dir='ltr'><strong>EPISTOLARUM</strong></span> <span class='ocrx_word' id='word_1_281' title='bbox 1137 255 1351 340; x_wconf 67' lang='lat' dir='ltr'>ttuxtt.</span> <span class='ocrx_word' id='word_1_282' title='bbox 1404 251 1539 342; x_wconf 79' lang='lat' dir='ltr'>ttae.</span> 
     </span>
    </p>
   </div>
   <div class='ocr_carea' id='block_1_10' title="bbox 2044 258 2122 334">
    <p class='ocr_par' dir='ltr' id='par_1_10' title="bbox 2044 258 2122 334">
     <span class='ocr_line' id='line_1_46' title="bbox 2044 258 2122 334; baseline 0.026 -2"><span class='ocrx_word' id='word_1_283' title='bbox 2044 258 2122 334; x_wconf 79' lang='grc'>968</span> 
     </span>
    </p>
   </div>
   <div class='ocr_carea' id='block_1_11' title="bbox 1116 425 2180 2626">
    <p class='ocr_par' dir='ltr' id='par_1_11' title="bbox 1116 425 2180 2626">
     <span class='ocr_line' id='line_1_47' title="bbox 1124 425 2120 514; baseline -0.001 -14"><span class='ocrx_word' id='word_1_284' title='bbox 1124 428 1261 502; x_wconf 82' lang='lat' dir='ltr'>diluvio</span> <span class='ocrx_word' id='word_1_285' title='bbox 1276 433 1439 508; x_wconf 88' lang='lat' dir='ltr'>servavit.</span> <span class='ocrx_word' id='word_1_286' title='bbox 1471 429 1536 504; x_wconf 83' lang='lat' dir='ltr'>Est</span> <span class='ocrx_word' id='word_1_287' title='bbox 1549 446 1585 504; x_wconf 90' lang='lat' dir='ltr'>et</span> <span class='ocrx_word' id='word_1_288' title='bbox 1598 457 1665 504; x_wconf 84' lang='lat' dir='ltr'>vox</span> <span class='ocrx_word' id='word_1_289' title='bbox 1680 433 1819 503; x_wconf 86' lang='lat' dir='ltr'>divina:</span> <span class='ocrx_word' id='word_1_290' title='bbox 1841 425 1957 502; x_wconf 81' lang='lat' dir='ltr'>Beati</span> <span class='ocrx_word' id='word_1_291' title='bbox 1971 429 2120 514; x_wconf 85' lang='lat' dir='ltr'>mortui,</span> 
     </span>
     <span class='ocr_line' id='line_1_48' title="bbox 1124 527 2140 628; baseline 0 -28"><span class='ocrx_word' id='word_1_292' title='bbox 1124 533 1190 628; x_wconf 78' lang='lat' dir='ltr'>qui</span> <span class='ocrx_word' id='word_1_293' title='bbox 1205 529 1245 600; x_wconf 85' lang='lat' dir='ltr'>in</span> <span class='ocrx_word' id='word_1_294' title='bbox 1259 528 1427 603; x_wconf 85' lang='lat' dir='ltr'>Domino</span> <span class='ocrx_word' id='word_1_295' title='bbox 1439 531 1658 610; x_wconf 83' lang='lat' dir='ltr'>moriuntur.</span> <span class='ocrx_word' id='word_1_296' title='bbox 1690 533 1751 604; x_wconf 86' lang='lat' dir='ltr'>Sic</span> <span class='ocrx_word' id='word_1_297' title='bbox 1765 533 1875 622; x_wconf 89' lang='lat' dir='ltr'>igitur</span> <span class='ocrx_word' id='word_1_298' title='bbox 1888 527 1975 602; x_wconf 89' lang='lat' dir='ltr'>hinc</span> <span class='ocrx_word' id='word_1_299' title='bbox 1988 533 2118 602; x_wconf 86' lang='lat' dir='ltr'>disces·</span> <span class='ocrx_word' id='word_1_300' title='bbox 2135 563 2140 571; x_wconf 23' lang='grc' dir='ltr'><strong>ν</strong></span> 
     </span>
     <span class='ocr_line' id='line_1_49' title="bbox 1122 627 2116 726; baseline 0 -26"><span class='ocrx_word' id='word_1_301' title='bbox 1122 633 1168 702; x_wconf 90' lang='lat' dir='ltr'>sit</span> <span class='ocrx_word' id='word_1_302' title='bbox 1185 627 1431 704; x_wconf 89' lang='lat' dir='ltr'>honestissima</span> <span class='ocrx_word' id='word_1_303' title='bbox 1445 650 1607 706; x_wconf 86' lang='lat' dir='ltr'>matrona</span> <span class='ocrx_word' id='word_1_304' title='bbox 1624 635 1780 706; x_wconf 88' lang='lat' dir='ltr'>coniunx</span> <span class='ocrx_word' id='word_1_305' title='bbox 1796 647 1868 714; x_wconf 90' lang='lat' dir='ltr'>tua,</span> <span class='ocrx_word' id='word_1_306' title='bbox 1894 633 1932 702; x_wconf 92' lang='lat' dir='ltr'>in</span> <span class='ocrx_word' id='word_1_307' title='bbox 1950 655 2020 726; x_wconf 90' lang='lat' dir='ltr'>qua</span> <span class='ocrx_word' id='word_1_308' title='bbox 2035 655 2116 701; x_wconf 75' lang='lat' dir='ltr'>casm</span> 
     </span>
     <span class='ocr_line' id='line_1_50' title="bbox 1123 729 2116 826; baseline -0.002 -24"><span class='ocrx_word' id='word_1_309' title='bbox 1123 733 1289 804; x_wconf 91' lang='lat' dir='ltr'>omnihus</span> <span class='ocrx_word' id='word_1_310' title='bbox 1318 730 1566 826; x_wconf 89' lang='lat' dir='ltr'>pulcherrimis</span> <span class='ocrx_word' id='word_1_311' title='bbox 1595 737 1788 807; x_wconf 89' lang='lat' dir='ltr'>virtutibus</span> <span class='ocrx_word' id='word_1_312' title='bbox 1817 734 1917 804; x_wconf 86' lang='lat' dir='ltr'>fulsit</span> <span class='ocrx_word' id='word_1_313' title='bbox 1941 757 2023 803; x_wconf 89' lang='lat' dir='ltr'>vera</span> <span class='ocrx_word' id='word_1_314' title='bbox 2047 729 2116 804; x_wconf 93' lang='lat' dir='ltr'>Dei</span> 
     </span>
     <span class='ocr_line' id='line_1_51' title="bbox 1122 832 2115 922; baseline 0 -22"><span class='ocrx_word' id='word_1_315' title='bbox 1122 834 1255 922; x_wconf 80' lang='lat' dir='ltr'>agnitio</span> <span class='ocrx_word' id='word_1_316' title='bbox 1280 849 1314 906; x_wconf 91' lang='lat' dir='ltr'>et</span> <span class='ocrx_word' id='word_1_317' title='bbox 1336 835 1531 921; x_wconf 87' lang='lat' dir='ltr'>invocatio,</span> <span class='ocrx_word' id='word_1_318' title='bbox 1565 851 1606 908; x_wconf 90' lang='lat' dir='ltr'>ut</span> <span class='ocrx_word' id='word_1_319' title='bbox 1627 838 1697 906; x_wconf 92' lang='lat' dir='ltr'>iam</span> <span class='ocrx_word' id='word_1_320' title='bbox 1721 832 1817 906; x_wconf 89' lang='lat' dir='ltr'>haud</span> <span class='ocrx_word' id='word_1_321' title='bbox 1842 833 1950 904; x_wconf 92' lang='lat' dir='ltr'>dubie</span> <span class='ocrx_word' id='word_1_322' title='bbox 1974 833 2115 904; x_wconf 79' lang='lat' dir='ltr'>fruatur</span> 
     </span>
     <span class='ocr_line' id='line_1_52' title="bbox 1121 931 2115 1025; baseline 0.002 -23"><span class='ocrx_word' id='word_1_323' title='bbox 1121 949 1309 1025; x_wconf 86' lang='lat' dir='ltr'>conspectu</span> <span class='ocrx_word' id='word_1_324' title='bbox 1324 931 1415 1018; x_wconf 71' lang='lat' dir='ltr'>Dei,</span> <span class='ocrx_word' id='word_1_325' title='bbox 1444 951 1479 1008; x_wconf 89' lang='lat' dir='ltr'>et</span> <span class='ocrx_word' id='word_1_326' title='bbox 1500 938 1702 1008; x_wconf 90' lang='lat' dir='ltr'>dulcissima</span> <span class='ocrx_word' id='word_1_327' title='bbox 1723 935 1978 1007; x_wconf 90' lang='lat' dir='ltr'>consuetudine</span> <span class='ocrx_word' id='word_1_328' title='bbox 2000 934 2115 1004; x_wconf 89' lang='lat' dir='ltr'>coele-</span> 
     </span>
     <span class='ocr_line' id='line_1_53' title="bbox 1119 1031 2113 1124; baseline 0.002 -22"><span class='ocrx_word' id='word_1_329' title='bbox 1119 1033 1183 1104; x_wconf 87' lang='lat' dir='ltr'>stis</span> <span class='ocrx_word' id='word_1_330' title='bbox 1197 1031 1387 1112; x_wconf 83' lang='lat' dir='ltr'>Ecclesiae.</span> <span class='ocrx_word' id='word_1_331' title='bbox 1420 1035 1476 1110; x_wconf 90' lang='lat' dir='ltr'>lbi</span> <span class='ocrx_word' id='word_1_332' title='bbox 1490 1063 1571 1124; x_wconf 88' lang='lat' dir='ltr'>vos,</span> <span class='ocrx_word' id='word_1_333' title='bbox 1594 1052 1628 1109; x_wconf 89' lang='lat' dir='ltr'>et</span> <span class='ocrx_word' id='word_1_334' title='bbox 1642 1037 1744 1116; x_wconf 87' lang='lat' dir='ltr'>lilios,</span> <span class='ocrx_word' id='word_1_335' title='bbox 1771 1061 1810 1106; x_wconf 85' lang='lat' dir='ltr'>ac</span> <span class='ocrx_word' id='word_1_336' title='bbox 1822 1036 1912 1105; x_wconf 87' lang='lat' dir='ltr'>filias</span> <span class='ocrx_word' id='word_1_337' title='bbox 1923 1033 2000 1106; x_wconf 92' lang='lat' dir='ltr'>Deo</span> <span class='ocrx_word' id='word_1_338' title='bbox 2015 1057 2113 1104; x_wconf 85' lang='lat' dir='ltr'>cour-</span> 
     </span>
     <span class='ocr_line' id='line_1_54' title="bbox 1119 1136 2114 1223; baseline 0.002 -21"><span class='ocrx_word' id='word_1_339' title='bbox 1119 1139 1274 1212; x_wconf 89' lang='lat' dir='ltr'>mendat.</span> <span class='ocrx_word' id='word_1_340' title='bbox 1326 1137 1473 1210; x_wconf 83' lang='lat' dir='ltr'>intuens</span> <span class='ocrx_word' id='word_1_341' title='bbox 1497 1141 1603 1210; x_wconf 86' lang='lat' dir='ltr'>etiam</span> <span class='ocrx_word' id='word_1_342' title='bbox 1625 1162 1724 1223; x_wconf 92' lang='lat' dir='ltr'>suos,</span> <span class='ocrx_word' id='word_1_343' title='bbox 1749 1138 1883 1208; x_wconf 88' lang='lat' dir='ltr'>luctum</span> <span class='ocrx_word' id='word_1_344' title='bbox 1906 1159 1970 1206; x_wconf 88' lang='lat' dir='ltr'>vos</span> <span class='ocrx_word' id='word_1_345' title='bbox 1990 1136 2114 1204; x_wconf 89' lang='lat' dir='ltr'>mode-</span> 
     </span>
     <span class='ocr_line' id='line_1_55' title="bbox 1119 1235 2113 1332; baseline -0.001 -27"><span class='ocrx_word' id='word_1_346' title='bbox 1119 1236 1192 1306; x_wconf 91' lang='lat' dir='ltr'>rari</span> <span class='ocrx_word' id='word_1_347' title='bbox 1219 1253 1333 1329; x_wconf 90' lang='lat' dir='ltr'>optat,</span> <span class='ocrx_word' id='word_1_348' title='bbox 1369 1255 1403 1311; x_wconf 92' lang='lat' dir='ltr'>et</span> <span class='ocrx_word' id='word_1_349' title='bbox 1428 1240 1566 1332; x_wconf 88' lang='lat' dir='ltr'>placide</span> <span class='ocrx_word' id='word_1_350' title='bbox 1590 1253 1728 1332; x_wconf 91' lang='lat' dir='ltr'>tempus</span> <span class='ocrx_word' id='word_1_351' title='bbox 1750 1251 1947 1329; x_wconf 89' lang='lat' dir='ltr'>expectare,</span> <span class='ocrx_word' id='word_1_352' title='bbox 1981 1235 2113 1328; x_wconf 90' lang='lat' dir='ltr'>inquo</span> 
     </span>
     <span class='ocr_line' id='line_1_56' title="bbox 1118 1335 2112 1431; baseline -0.002 -25"><span class='ocrx_word' id='word_1_353' title='bbox 1118 1359 1241 1406; x_wconf 91' lang='lat' dir='ltr'>rursus</span> <span class='ocrx_word' id='word_1_354' title='bbox 1263 1363 1325 1410; x_wconf 88' lang='lat' dir='ltr'>vos</span> <span class='ocrx_word' id='word_1_355' title='bbox 1346 1364 1469 1411; x_wconf 90' lang='lat' dir='ltr'>omnes</span> <span class='ocrx_word' id='word_1_356' title='bbox 1491 1342 1529 1409; x_wconf 92' lang='lat' dir='ltr'>in</span> <span class='ocrx_word' id='word_1_357' title='bbox 1552 1342 1614 1431; x_wconf 78' lang='lat' dir='ltr'>illa</span> <span class='ocrx_word' id='word_1_358' title='bbox 1638 1355 1782 1411; x_wconf 90' lang='lat' dir='ltr'>aeterna</span> <span class='ocrx_word' id='word_1_359' title='bbox 1806 1338 1989 1420; x_wconf 90' lang='lat' dir='ltr'>societate,</span> <span class='ocrx_word' id='word_1_360' title='bbox 2020 1335 2112 1406; x_wconf 88' lang='lat' dir='ltr'>laeta</span> 
     </span>
     <span class='ocr_line' id='line_1_57' title="bbox 1119 1436 2112 1532; baseline -0.005 -24"><span class='ocrx_word' id='word_1_361' title='bbox 1119 1451 1237 1508; x_wconf 91' lang='lat' dir='ltr'>cernet</span> <span class='ocrx_word' id='word_1_362' title='bbox 1260 1454 1294 1510; x_wconf 90' lang='lat' dir='ltr'>et</span> <span class='ocrx_word' id='word_1_363' title='bbox 1317 1443 1577 1532; x_wconf 84' lang='lat' dir='ltr'>complectetur.</span> <span class='ocrx_word' id='word_1_364' title='bbox 1639 1439 1713 1510; x_wconf 90' lang='lat' dir='ltr'>Has</span> <span class='ocrx_word' id='word_1_365' title='bbox 1734 1462 1835 1509; x_wconf 89' lang='lat' dir='ltr'>veras</span> <span class='ocrx_word' id='word_1_366' title='bbox 1854 1436 2112 1508; x_wconf 87' lang='lat' dir='ltr'>consolationes</span> 
     </span>
     <span class='ocr_line' id='line_1_58' title="bbox 1118 1537 2114 1631; baseline -0.002 -23"><span class='ocrx_word' id='word_1_367' title='bbox 1118 1561 1200 1608; x_wconf 91' lang='lat' dir='ltr'>curn</span> <span class='ocrx_word' id='word_1_368' title='bbox 1216 1541 1368 1631; x_wconf 74' lang='lat' dir='ltr'>cogitare</span> <span class='ocrx_word' id='word_1_369' title='bbox 1386 1566 1448 1612; x_wconf 92' lang='lat' dir='ltr'>vos</span> <span class='ocrx_word' id='word_1_370' title='bbox 1461 1567 1535 1614; x_wconf 92' lang='lat' dir='ltr'>non</span> <span class='ocrx_word' id='word_1_371' title='bbox 1549 1543 1726 1626; x_wconf 86' lang='lat' dir='ltr'>dubitem,</span> <span class='ocrx_word' id='word_1_372' title='bbox 1746 1539 1871 1630; x_wconf 91' lang='lat' dir='ltr'>scripsi</span> <span class='ocrx_word' id='word_1_373' title='bbox 1886 1537 2049 1620; x_wconf 89' lang='lat' dir='ltr'>brevius,</span> <span class='ocrx_word' id='word_1_374' title='bbox 2073 1559 2114 1606; x_wconf 86' lang='lat' dir='ltr'>ac</span> 
     </span>
     <span class='ocr_line' id='line_1_59' title="bbox 1118 1633 2113 1716; baseline -0.009 -4"><span class='ocrx_word' id='word_1_375' title='bbox 1118 1640 1252 1712; x_wconf 82' lang='lat' dir='ltr'>Filium</span> <span class='ocrx_word' id='word_1_376' title='bbox 1281 1641 1347 1714; x_wconf 91' lang='lat' dir='ltr'>Dei</span> <span class='ocrx_word' id='word_1_377' title='bbox 1375 1639 1570 1714; x_wconf 88' lang='lat' dir='ltr'>Dominum</span> <span class='ocrx_word' id='word_1_378' title='bbox 1599 1658 1759 1716; x_wconf 90' lang='lat' dir='ltr'>nostrum</span> <span class='ocrx_word' id='word_1_379' title='bbox 1787 1640 1902 1710; x_wconf 88' lang='lat' dir='ltr'>lesum</span> <span class='ocrx_word' id='word_1_380' title='bbox 1929 1633 2113 1708; x_wconf 87' lang='lat' dir='ltr'>Christum</span> 
     </span>
     <span class='ocr_line' id='line_1_60' title="bbox 1118 1739 2180 1834; baseline -0.004 -24"><span class='ocrx_word' id='word_1_381' title='bbox 1118 1753 1193 1812; x_wconf 96' lang='lat' dir='ltr'>toto</span> <span class='ocrx_word' id='word_1_382' title='bbox 1216 1757 1354 1832; x_wconf 87' lang='lat' dir='ltr'>pectore</span> <span class='ocrx_word' id='word_1_383' title='bbox 1370 1768 1455 1830; x_wconf 91' lang='lat' dir='ltr'>oro,</span> <span class='ocrx_word' id='word_1_384' title='bbox 1483 1758 1524 1814; x_wconf 93' lang='lat' dir='ltr'>ut</span> <span class='ocrx_word' id='word_1_385' title='bbox 1539 1745 1748 1814; x_wconf 86' lang='lat' dir='ltr'>vulneribus</span> <span class='ocrx_word' id='word_1_386' title='bbox 1762 1739 1893 1812; x_wconf 91' lang='lat' dir='ltr'>nostris</span> <span class='ocrx_word' id='word_1_387' title='bbox 1909 1739 2061 1830; x_wconf 89' lang='lat' dir='ltr'>publicis</span> <span class='ocrx_word' id='word_1_388' title='bbox 2078 1749 2114 1806; x_wconf 89' lang='lat' dir='ltr'>et</span> <span class='ocrx_word' id='word_1_389' title='bbox 2175 1827 2180 1834; x_wconf 76' lang='lat'>.</span> 
     </span>
     <span class='ocr_line' id='line_1_61' title="bbox 1117 1841 2114 1938; baseline -0.003 -29"><span class='ocrx_word' id='word_1_390' title='bbox 1117 1841 1265 1932; x_wconf 90' lang='lat' dir='ltr'>privatis</span> <span class='ocrx_word' id='word_1_391' title='bbox 1287 1847 1469 1915; x_wconf 88' lang='lat' dir='ltr'>medeatur</span> <span class='ocrx_word' id='word_1_392' title='bbox 1487 1845 1572 1938; x_wconf 89' lang='lat' dir='ltr'>ipse.</span> <span class='ocrx_word' id='word_1_393' title='bbox 1625 1845 1838 1936; x_wconf 90' lang='lat' dir='ltr'>Quanquam</span> <span class='ocrx_word' id='word_1_394' title='bbox 1856 1841 2015 1929; x_wconf 87' lang='lat' dir='ltr'>ingentes</span> <span class='ocrx_word' id='word_1_395' title='bbox 2030 1850 2114 1906; x_wconf 88' lang='lat' dir='ltr'>suut</span> 
     </span>
     <span class='ocr_line' id='line_1_62' title="bbox 1117 1935 2113 2034; baseline -0.007 -22"><span class='ocrx_word' id='word_1_396' title='bbox 1117 1965 1305 2014; x_wconf 87' lang='lat' dir='ltr'>aerumnae</span> <span class='ocrx_word' id='word_1_397' title='bbox 1327 1945 1464 2034; x_wconf 89' lang='lat' dir='ltr'>generis</span> <span class='ocrx_word' id='word_1_398' title='bbox 1487 1941 1651 2016; x_wconf 90' lang='lat' dir='ltr'>humani:</span> <span class='ocrx_word' id='word_1_399' title='bbox 1690 1959 1808 2014; x_wconf 88' lang='lat' dir='ltr'>tamen</span> <span class='ocrx_word' id='word_1_400' title='bbox 1830 1941 1907 2010; x_wconf 90' lang='lat' dir='ltr'>vult</span> <span class='ocrx_word' id='word_1_401' title='bbox 1928 1963 1994 2008; x_wconf 90' lang='lat' dir='ltr'>nos</span> <span class='ocrx_word' id='word_1_402' title='bbox 2015 1935 2113 2007; x_wconf 91' lang='lat' dir='ltr'>Deus</span> 
     </span>
     <span class='ocr_line' id='line_1_63' title="bbox 1116 2041 2113 2140; baseline -0.006 -29"><span class='ocrx_word' id='word_1_403' title='bbox 1116 2067 1191 2112; x_wconf 90' lang='lat' dir='ltr'>non</span> <span class='ocrx_word' id='word_1_404' title='bbox 1204 2045 1318 2134; x_wconf 81' lang='lat' dir='ltr'>frangi</span> <span class='ocrx_word' id='word_1_405' title='bbox 1335 2047 1478 2134; x_wconf 92' lang='lat' dir='ltr'>dolore,</span> <span class='ocrx_word' id='word_1_406' title='bbox 1509 2049 1571 2116; x_wconf 92' lang='lat' dir='ltr'>sed</span> <span class='ocrx_word' id='word_1_407' title='bbox 1586 2045 1803 2140; x_wconf 88' lang='lat' dir='ltr'>acquiescere</span> <span class='ocrx_word' id='word_1_408' title='bbox 1820 2043 1858 2112; x_wconf 92' lang='lat' dir='ltr'>in</span> <span class='ocrx_word' id='word_1_409' title='bbox 1876 2041 1952 2130; x_wconf 91' lang='lat' dir='ltr'>ipso</span> <span class='ocrx_word' id='word_1_410' title='bbox 1969 2051 2113 2132; x_wconf 86' lang='lat' dir='ltr'>propter</span> 
     </span>
     <span class='ocr_line' id='line_1_64' title="bbox 1116 2137 2113 2231; baseline -0.008 -17"><span class='ocrx_word' id='word_1_411' title='bbox 1116 2142 1249 2214; x_wconf 85' lang='lat' dir='ltr'>Filium</span> <span class='ocrx_word' id='word_1_412' title='bbox 1267 2143 1462 2217; x_wconf 89' lang='lat' dir='ltr'>Dominum</span> <span class='ocrx_word' id='word_1_413' title='bbox 1487 2163 1649 2219; x_wconf 92' lang='lat' dir='ltr'>nostrum</span> <span class='ocrx_word' id='word_1_414' title='bbox 1674 2145 1790 2216; x_wconf 81' lang='lat' dir='ltr'>lesum</span> <span class='ocrx_word' id='word_1_415' title='bbox 1813 2137 2018 2224; x_wconf 89' lang='lat' dir='ltr'>Christum,</span> <span class='ocrx_word' id='word_1_416' title='bbox 2050 2137 2113 2231; x_wconf 93' lang='lat' dir='ltr'>qui</span> 
     </span>
     <span class='ocr_line' id='line_1_65' title="bbox 1116 2237 2112 2343; baseline -0.009 -30"><span class='ocrx_word' id='word_1_417' title='bbox 1116 2245 1247 2338; x_wconf 90' lang='lat' dir='ltr'>inquit:</span> <span class='ocrx_word' id='word_1_418' title='bbox 1285 2243 1415 2318; x_wconf 85' lang='lat' dir='ltr'>Venite</span> <span class='ocrx_word' id='word_1_419' title='bbox 1437 2242 1494 2316; x_wconf 81' lang='lat' dir='ltr'>ad</span> <span class='ocrx_word' id='word_1_420' title='bbox 1509 2270 1564 2316; x_wconf 88' lang='lat' dir='ltr'>me</span> <span class='ocrx_word' id='word_1_421' title='bbox 1588 2267 1729 2331; x_wconf 86' lang='lat' dir='ltr'>omnes,</span> <span class='ocrx_word' id='word_1_422' title='bbox 1762 2242 1829 2343; x_wconf 85' lang='lat' dir='ltr'>qui</span> <span class='ocrx_word' id='word_1_423' title='bbox 1849 2237 2054 2322; x_wconf 81' lang='lat' dir='ltr'>laboratis,</span> <span class='ocrx_word' id='word_1_424' title='bbox 2080 2245 2112 2304; x_wconf 87' lang='lat' dir='ltr'>et</span> 
     </span>
     <span class='ocr_line' id='line_1_66' title="bbox 1117 2339 2113 2442; baseline -0.009 -27"><span class='ocrx_word' id='word_1_425' title='bbox 1117 2345 1261 2415; x_wconf 82' lang='lat' dir='ltr'>onerati</span> <span class='ocrx_word' id='word_1_426' title='bbox 1281 2348 1384 2433; x_wconf 86' lang='lat' dir='ltr'>estis,</span> <span class='ocrx_word' id='word_1_427' title='bbox 1417 2371 1482 2442; x_wconf 79' lang='lat' dir='ltr'>ego</span> <span class='ocrx_word' id='word_1_428' title='bbox 1505 2343 1664 2441; x_wconf 73' lang='lat' dir='ltr'>reficiam</span> <span class='ocrx_word' id='word_1_429' title='bbox 1680 2371 1753 2422; x_wconf 77' lang='lat' dir='ltr'>eos.</span> <span class='ocrx_word' id='word_1_430' title='bbox 1802 2343 1900 2414; x_wconf 91' lang='lat' dir='ltr'>Haec</span> <span class='ocrx_word' id='word_1_431' title='bbox 1913 2339 2038 2432; x_wconf 91' lang='lat' dir='ltr'>scripsi</span> <span class='ocrx_word' id='word_1_432' title='bbox 2055 2361 2113 2406; x_wconf 89' lang='lat' dir='ltr'>so-</span> 
     </span>
     <span class='ocr_line' id='line_1_67' title="bbox 1116 2439 2112 2538; baseline -0.01 -22"><span class='ocrx_word' id='word_1_433' title='bbox 1116 2446 1239 2518; x_wconf 87' lang='lat' dir='ltr'>cietate</span> <span class='ocrx_word' id='word_1_434' title='bbox 1253 2447 1369 2519; x_wconf 92' lang='lat' dir='ltr'>luctus</span> <span class='ocrx_word' id='word_1_435' title='bbox 1387 2465 1422 2522; x_wconf 93' lang='lat' dir='ltr'>et</span> <span class='ocrx_word' id='word_1_436' title='bbox 1436 2451 1571 2522; x_wconf 92' lang='lat' dir='ltr'>doloris</span> <span class='ocrx_word' id='word_1_437' title='bbox 1587 2451 1693 2520; x_wconf 86' lang='lat' dir='ltr'>vestri</span> <span class='ocrx_word' id='word_1_438' title='bbox 1707 2461 1837 2532; x_wconf 89' lang='lat' dir='ltr'>motus,</span> <span class='ocrx_word' id='word_1_439' title='bbox 1863 2467 1953 2538; x_wconf 91' lang='lat' dir='ltr'>quae</span> <span class='ocrx_word' id='word_1_440' title='bbox 1967 2453 2010 2512; x_wconf 93' lang='lat' dir='ltr'>ut</span> <span class='ocrx_word' id='word_1_441' title='bbox 2025 2439 2112 2509; x_wconf 92' lang='lat' dir='ltr'>boni</span> 
     </span>
     <span class='ocr_line' id='line_1_68' title="bbox 1116 2533 2112 2626; baseline -0.008 -10"><span class='ocrx_word' id='word_1_442' title='bbox 1116 2549 1306 2620; x_wconf 86' lang='lat' dir='ltr'>consulatis</span> <span class='ocrx_word' id='word_1_443' title='bbox 1328 2575 1404 2626; x_wconf 92' lang='lat' dir='ltr'>oro.</span> <span class='ocrx_word' id='word_1_444' title='bbox 1461 2547 1559 2622; x_wconf 89' lang='lat' dir='ltr'>Bene</span> <span class='ocrx_word' id='word_1_445' title='bbox 1585 2563 1620 2624; x_wconf 89' lang='lat' dir='ltr'>et</span> <span class='ocrx_word' id='word_1_446' title='bbox 1643 2549 1793 2622; x_wconf 81' lang='lat' dir='ltr'>feliciter</span> <span class='ocrx_word' id='word_1_447' title='bbox 1817 2545 1942 2620; x_wconf 88' lang='lat' dir='ltr'>valete.</span> <span class='ocrx_word' id='word_1_448' title='bbox 1991 2533 2112 2613; x_wconf 85' lang='lat' dir='ltr'>Nori·</span> 
     </span>
    </p>
   </div>
   <div class='ocr_carea' id='block_1_12' title="bbox 1115 2645 1625 2742">
    <p class='ocr_par' dir='ltr' id='par_1_12' title="bbox 1115 2645 1625 2742">
     <span class='ocr_line' id='line_1_69' title="bbox 1115 2645 1625 2742; baseline 0.022 -24"><span class='ocrx_word' id='word_1_449' title='bbox 1115 2645 1247 2742; x_wconf 78' lang='lat' dir='ltr'>bergas</span> <span class='ocrx_word' id='word_1_450' title='bbox 1266 2651 1324 2720; x_wconf 91' lang='lat' dir='ltr'>die</span> <span class='ocrx_word' id='word_1_451' title='bbox 1339 2647 1376 2728; x_wconf 82' lang='lat'>6.</span> <span class='ocrx_word' id='word_1_452' title='bbox 1391 2649 1496 2728; x_wconf 84' lang='lat' dir='ltr'>Febr.</span> <span class='ocrx_word' id='word_1_453' title='bbox 1515 2648 1625 2728; x_wconf 78' lang='lat'>1552.</span> 
     </span>
    </p>
   </div>
   <div class='ocr_carea' id='block_1_13' title="bbox 1726 2917 2111 3214">
    <p class='ocr_par' dir='ltr' id='par_1_13' title="bbox 1726 2917 2111 3214">
     <span class='ocr_line' id='line_1_70' title="bbox 1818 2917 2032 3045; baseline 0.028 -6"><span class='ocrx_word' id='word_1_454' title='bbox 1818 2917 1827 2924; x_wconf 38' lang='lat'>-</span> <span class='ocrx_word' id='word_1_455' title='bbox 1843 2917 2032 3045; x_wconf 36' lang='lat' dir='ltr'>NR.</span> 
     </span>
     <span class='ocr_line' id='line_1_71' title="bbox 1726 3071 2098 3168; baseline -0.003 -31"><span class='ocrx_word' id='word_1_456' title='bbox 1726 3162 1728 3168; x_wconf 27' lang='grc' dir='ltr'>Ι</span> <span class='ocrx_word' id='word_1_457' title='bbox 1770 3082 1804 3148; x_wconf 78' lang='lat'>6.</span> <span class='ocrx_word' id='word_1_458' title='bbox 1818 3073 1906 3142; x_wconf 83' lang='lat' dir='ltr'>Febr.</span> <span class='ocrx_word' id='word_1_459' title='bbox 1934 3071 2098 3157; x_wconf 83' lang='lat' dir='ltr'>(Norinh.)</span> 
     </span>
     <span class='ocr_line' id='line_1_72' title="bbox 1755 3166 2111 3214; baseline 0.006 -12"><span class='ocrx_word' id='word_1_460' title='bbox 1755 3166 2111 3214; x_wconf 55' lang='grc' dir='ltr'>κ-ι-νιι-ο·</span> 
     </span>
    </p>
   </div>
   <div class='ocr_carea' id='block_1_14' title="bbox 1119 3068 1332 3209">
    <p class='ocr_par' dir='ltr' id='par_1_14' title="bbox 1119 3068 1332 3209">
     <span class='ocr_line' id='line_1_73' title="bbox 1132 3068 1329 3150; baseline 0.03 -6"><span class='ocrx_word' id='word_1_461' title='bbox 1132 3069 1200 3148; x_wconf 86' lang='grc' dir='ltr'><strong>Νο.</strong></span> <span class='ocrx_word' id='word_1_462' title='bbox 1214 3068 1329 3150; x_wconf 84' lang='grc'><strong>6047.</strong></span> 
     </span>
     <span class='ocr_line' id='line_1_74' title="bbox 1119 3167 1332 3209; baseline 0 -7"><span class='ocrx_word' id='word_1_463' title='bbox 1119 3167 1332 3209; x_wconf 50' lang='grc' dir='ltr'><strong>Μ</strong></span> 
     </span>
    </p>
   </div>
   <div class='ocr_carea' id='block_1_15' title="bbox 1182 3273 2033 3544">
    <p class='ocr_par' dir='ltr' id='par_1_15' title="bbox 1182 3273 2033 3544">
     <span class='ocr_line' id='line_1_75' title="bbox 1384 3273 1842 3364; baseline 0.002 -3"><span class='ocrx_word' id='word_1_464' title='bbox 1384 3274 1535 3363; x_wconf 79' lang='lat' dir='ltr'>Ioocb.</span> <span class='ocrx_word' id='word_1_465' title='bbox 1564 3273 1842 3364; x_wconf 81' lang='lat' dir='ltr'>Camerario.</span> 
     </span>
     <span class='ocr_line' id='line_1_76' title="bbox 1182 3453 2033 3544; baseline 0.002 -36"><span class='ocrx_word' id='word_1_466' title='bbox 1182 3453 1267 3529; x_wconf 78' lang='lat' dir='ltr'>Epist.</span> <span class='ocrx_word' id='word_1_467' title='bbox 1280 3457 1314 3512; x_wconf 79' lang='lat' dir='ltr'>ed</span> <span class='ocrx_word' id='word_1_468' title='bbox 1328 3455 1438 3516; x_wconf 73' lang='lat' dir='ltr'>Cemer.</span> <span class='ocrx_word' id='word_1_469' title='bbox 1458 3478 1487 3530; x_wconf 86' lang='lat' dir='ltr'>p.</span> <span class='ocrx_word' id='word_1_470' title='bbox 1499 3457 1559 3515; x_wconf 78' lang='grc'><strong>668.</strong></span> <span class='ocrx_word' id='word_1_471' title='bbox 1581 3457 1634 3544; x_wconf 79' lang='lat' dir='ltr'>(ed.</span> <span class='ocrx_word' id='word_1_472' title='bbox 1647 3453 1741 3511; x_wconf 84' lang='lat' dir='ltr'>Lond.</span> <span class='ocrx_word' id='word_1_473' title='bbox 1760 3453 1809 3514; x_wconf 89' lang='lat' dir='ltr'>lib.</span> <span class='ocrx_word' id='word_1_474' title='bbox 1822 3453 1871 3514; x_wconf 79' lang='lat' dir='ltr'>lv.</span> <span class='ocrx_word' id='word_1_475' title='bbox 1888 3468 1933 3524; x_wconf 83' lang='lat' dir='ltr'>ep.</span> <span class='ocrx_word' id='word_1_476' title='bbox 1946 3453 2033 3526; x_wconf 68' lang='grc'><strong>797).</strong></span> 
     </span>
    </p>
   </div>
   <div class='ocr_carea' id='block_1_16' title="bbox 1112 3636 2111 3845">
    <p class='ocr_par' dir='ltr' id='par_1_16' title="bbox 1112 3636 2111 3845">
     <span class='ocr_line' id='line_1_77' title="bbox 1112 3636 2111 3740; baseline -0.011 -20"><span class='ocrx_word' id='word_1_477' title='bbox 1112 3636 1337 3720; x_wconf 82' lang='lat' dir='ltr'>Clarissimo</span> <span class='ocrx_word' id='word_1_478' title='bbox 1367 3645 1445 3718; x_wconf 75' lang='lat' dir='ltr'>viro</span> <span class='ocrx_word' id='word_1_479' title='bbox 1468 3641 1671 3718; x_wconf 83' lang='lat' dir='ltr'>eruditione</span> <span class='ocrx_word' id='word_1_480' title='bbox 1692 3653 1725 3714; x_wconf 88' lang='lat' dir='ltr'>et</span> <span class='ocrx_word' id='word_1_481' title='bbox 1748 3641 1877 3715; x_wconf 79' lang='lat' dir='ltr'>virtute</span> <span class='ocrx_word' id='word_1_482' title='bbox 1897 3641 2111 3740; x_wconf 83' lang='lat' dir='ltr'>praestanti</span> 
     </span>
     <span class='ocr_line' id='line_1_78' title="bbox 1213 3740 2008 3845; baseline -0.006 -28"><span class='ocrx_word' id='word_1_483' title='bbox 1213 3744 1243 3817; x_wconf 96' lang='grc' dir='ltr'><strong><em>Ι</em></strong></span> <span class='ocrx_word' id='word_1_484' title='bbox 1247 3743 1373 3826; x_wconf 82' lang='lat' dir='ltr'>oaeh.</span> <span class='ocrx_word' id='word_1_485' title='bbox 1397 3742 1567 3820; x_wconf 85' lang='lat' dir='ltr'>Camer.</span> <span class='ocrx_word' id='word_1_486' title='bbox 1582 3743 1788 3845; x_wconf 83' lang='lat' dir='ltr'>fratrisuo</span> <span class='ocrx_word' id='word_1_487' title='bbox 1803 3740 2008 3829; x_wconf 68' lang='lat' dir='ltr'>carissimo,</span> 
     </span>
    </p>
   </div>
   <div class='ocr_carea' id='block_1_17' title="bbox 1108 3895 2110 4412">
    <p class='ocr_par' dir='ltr' id='par_1_17' title="bbox 1108 3895 2110 4412">
     <span class='ocr_line' id='line_1_79' title="bbox 1111 3895 2109 4004; baseline -0.007 -19"><span class='ocrx_word' id='word_1_488' title='bbox 1111 3895 1159 3985; x_wconf 73' lang='lat' dir='ltr'>S·</span> <span class='ocrx_word' id='word_1_489' title='bbox 1182 3909 1229 3987; x_wconf 92' lang='lat' dir='ltr'>D.</span> <span class='ocrx_word' id='word_1_490' title='bbox 1287 3911 1330 3982; x_wconf 92' lang='lat' dir='ltr'>ln</span> <span class='ocrx_word' id='word_1_491' title='bbox 1354 3913 1464 3984; x_wconf 88' lang='lat' dir='ltr'>tantis</span> <span class='ocrx_word' id='word_1_492' title='bbox 1486 3911 1653 4004; x_wconf 83' lang='lat' dir='ltr'>periculis</span> <span class='ocrx_word' id='word_1_493' title='bbox 1677 3923 1711 3980; x_wconf 90' lang='lat' dir='ltr'>et</span> <span class='ocrx_word' id='word_1_494' title='bbox 1725 3910 1857 3980; x_wconf 92' lang='lat' dir='ltr'>nostris</span> <span class='ocrx_word' id='word_1_495' title='bbox 1872 3925 1906 3982; x_wconf 94' lang='lat' dir='ltr'>et</span> <span class='ocrx_word' id='word_1_496' title='bbox 1922 3909 2109 3982; x_wconf 89' lang='lat' dir='ltr'>universae</span> 
     </span>
     <span class='ocr_line' id='line_1_80' title="bbox 1109 4009 2110 4106; baseline -0.001 -24"><span class='ocrx_word' id='word_1_497' title='bbox 1109 4009 1306 4098; x_wconf 85' lang='lat' dir='ltr'>Ecclesiae,</span> <span class='ocrx_word' id='word_1_498' title='bbox 1339 4037 1491 4106; x_wconf 88' lang='lat' dir='ltr'>quorum</span> <span class='ocrx_word' id='word_1_499' title='bbox 1512 4027 1547 4083; x_wconf 89' lang='lat' dir='ltr'>te</span> <span class='ocrx_word' id='word_1_500' title='bbox 1568 4035 1709 4106; x_wconf 92' lang='lat' dir='ltr'>quoque</span> <span class='ocrx_word' id='word_1_501' title='bbox 1725 4012 1875 4080; x_wconf 84' lang='lat' dir='ltr'>exerceri</span> <span class='ocrx_word' id='word_1_502' title='bbox 1892 4012 2032 4082; x_wconf 87' lang='lat' dir='ltr'>assidua</span> <span class='ocrx_word' id='word_1_503' title='bbox 2047 4034 2110 4081; x_wconf 89' lang='lat' dir='ltr'>co·</span> 
     </span>
     <span class='ocr_line' id='line_1_81' title="bbox 1109 4107 2109 4206; baseline -0.002 -23"><span class='ocrx_word' id='word_1_504' title='bbox 1109 4113 1278 4202; x_wconf 88' lang='lat' dir='ltr'>gitatioue</span> <span class='ocrx_word' id='word_1_505' title='bbox 1293 4114 1384 4199; x_wconf 91' lang='lat' dir='ltr'>scio,</span> <span class='ocrx_word' id='word_1_506' title='bbox 1413 4107 1506 4183; x_wconf 91' lang='lat' dir='ltr'>hanc</span> <span class='ocrx_word' id='word_1_507' title='bbox 1521 4108 1635 4183; x_wconf 89' lang='lat' dir='ltr'>habeo</span> <span class='ocrx_word' id='word_1_508' title='bbox 1651 4112 1876 4206; x_wconf 88' lang='lat' dir='ltr'>praecipuam</span> <span class='ocrx_word' id='word_1_509' title='bbox 1895 4112 2109 4183; x_wconf 92' lang='lat' dir='ltr'>consolatio-</span> 
     </span>
     <span class='ocr_line' id='line_1_82' title="bbox 1109 4208 2109 4305; baseline -0.002 -24"><span class='ocrx_word' id='word_1_510' title='bbox 1109 4237 1211 4294; x_wconf 88' lang='lat' dir='ltr'>nem,</span> <span class='ocrx_word' id='word_1_511' title='bbox 1237 4237 1326 4305; x_wconf 90' lang='lat' dir='ltr'>quae</span> <span class='ocrx_word' id='word_1_512' title='bbox 1346 4214 1516 4284; x_wconf 88' lang='lat' dir='ltr'>recitatur</span> <span class='ocrx_word' id='word_1_513' title='bbox 1539 4215 1578 4284; x_wconf 89' lang='lat' dir='ltr'>in</span> <span class='ocrx_word' id='word_1_514' title='bbox 1594 4227 1656 4284; x_wconf 90' lang='lat' dir='ltr'>tuo</span> <span class='ocrx_word' id='word_1_515' title='bbox 1671 4237 1791 4283; x_wconf 89' lang='lat' dir='ltr'>versu:</span> <span class='ocrx_word' id='word_1_516' title='bbox 1823 4208 1969 4287; x_wconf 84' lang='lat' dir='ltr'>Nostra</span> <span class='ocrx_word' id='word_1_517' title='bbox 1986 4220 2109 4281; x_wconf 83' lang='lat' dir='ltr'>tuam-</span> 
     </span>
     <span class='ocr_line' id='line_1_83' title="bbox 1108 4307 2108 4412; baseline -0.002 -30"><span class='ocrx_word' id='word_1_518' title='bbox 1108 4335 1176 4411; x_wconf 84' lang='lat' dir='ltr'>que</span> <span class='ocrx_word' id='word_1_519' title='bbox 1185 4307 1280 4405; x_wconf 83' lang='lat' dir='ltr'>fides</span> <span class='ocrx_word' id='word_1_520' title='bbox 1295 4311 1414 4384; x_wconf 83' lang='lat' dir='ltr'>solius</span> <span class='ocrx_word' id='word_1_521' title='bbox 1427 4323 1511 4384; x_wconf 84' lang='lat' dir='ltr'>orat</span> <span class='ocrx_word' id='word_1_522' title='bbox 1526 4339 1638 4412; x_wconf 84' lang='lat' dir='ltr'>opem.</span> <span class='ocrx_word' id='word_1_523' title='bbox 1672 4313 1767 4404; x_wconf 91' lang='lat' dir='ltr'>Quid</span> <span class='ocrx_word' id='word_1_524' title='bbox 1785 4315 1879 4380; x_wconf 88' lang='lat' dir='ltr'>enim</span> <span class='ocrx_word' id='word_1_525' title='bbox 1894 4337 1991 4382; x_wconf 89' lang='lat' dir='ltr'>nunc</span> <span class='ocrx_word' id='word_1_526' title='bbox 2004 4335 2108 4404; x_wconf 89' lang='lat' dir='ltr'>prae-</span> 
     </span>
    </p>
   </div>
   <div class='ocr_carea' id='block_1_18' title="bbox 1027 4405 2108 4493">
    <p class='ocr_par' dir='ltr' id='par_1_18' title="bbox 1027 4405 2108 4493">
     <span class='ocr_line' id='line_1_84' title="bbox 1027 4405 2108 4493; baseline 0.001 -12"><span class='ocrx_word' id='word_1_527' title='bbox 1027 4464 1036 4481; x_wconf 90' lang='lat'>.</span> <span class='ocrx_word' id='word_1_528' title='bbox 1107 4415 1228 4485; x_wconf 88' lang='lat' dir='ltr'>sertim</span> <span class='ocrx_word' id='word_1_529' title='bbox 1256 4416 1440 4486; x_wconf 91' lang='lat' dir='ltr'>commotis</span> <span class='ocrx_word' id='word_1_530' title='bbox 1470 4417 1575 4486; x_wconf 90' lang='lat' dir='ltr'>rebus</span> <span class='ocrx_word' id='word_1_531' title='bbox 1599 4416 1725 4493; x_wconf 87' lang='lat' dir='ltr'>tantis,</span> <span class='ocrx_word' id='word_1_532' title='bbox 1759 4413 1916 4482; x_wconf 91' lang='lat' dir='ltr'>consiliis</span> <span class='ocrx_word' id='word_1_533' title='bbox 1938 4405 2108 4482; x_wconf 86' lang='lat' dir='ltr'>humanis</span> 
     </span>
    </p>
   </div>
   <div class='ocr_carea' id='block_1_19' title="bbox 1106 4504 2106 4812">
    <p class='ocr_par' dir='ltr' id='par_1_19' title="bbox 1106 4504 2106 4812">
     <span class='ocr_line' id='line_1_85' title="bbox 1108 4504 2106 4608; baseline -0.002 -24"><span class='ocrx_word' id='word_1_534' title='bbox 1108 4515 1197 4585; x_wconf 86' lang='lat' dir='ltr'>ellici</span> <span class='ocrx_word' id='word_1_535' title='bbox 1211 4517 1350 4608; x_wconf 84' lang='lat' dir='ltr'>potest?</span> <span class='ocrx_word' id='word_1_536' title='bbox 1387 4515 1525 4588; x_wconf 81' lang='lat' dir='ltr'>Eodem</span> <span class='ocrx_word' id='word_1_537' title='bbox 1540 4517 1598 4586; x_wconf 93' lang='lat' dir='ltr'>die</span> <span class='ocrx_word' id='word_1_538' title='bbox 1613 4511 1672 4585; x_wconf 93' lang='lat' dir='ltr'>hic</span> <span class='ocrx_word' id='word_1_539' title='bbox 1687 4507 1865 4583; x_wconf 79' lang='lat' dir='ltr'>Lasarus</span> <span class='ocrx_word' id='word_1_540' title='bbox 1881 4526 1915 4584; x_wconf 89' lang='lat' dir='ltr'>et</span> <span class='ocrx_word' id='word_1_541' title='bbox 1929 4504 2106 4585; x_wconf 85' lang='lat' dir='ltr'>Cramius</span> 
     </span>
     <span class='ocr_line' id='line_1_86' title="bbox 1106 4613 2106 4708; baseline -0.002 -23"><span class='ocrx_word' id='word_1_542' title='bbox 1106 4617 1261 4694; x_wconf 79' lang='lat' dir='ltr'>luerunt.</span> <span class='ocrx_word' id='word_1_543' title='bbox 1298 4615 1460 4688; x_wconf 86' lang='lat' dir='ltr'>Narrabo</span> <span class='ocrx_word' id='word_1_544' title='bbox 1479 4640 1597 4688; x_wconf 89' lang='lat' dir='ltr'>coram</span> <span class='ocrx_word' id='word_1_545' title='bbox 1614 4615 1797 4708; x_wconf 90' lang='lat' dir='ltr'>utriusque</span> <span class='ocrx_word' id='word_1_546' title='bbox 1813 4637 2004 4686; x_wconf 81' lang='lat' dir='ltr'>sermones.</span> <span class='ocrx_word' id='word_1_547' title='bbox 2043 4613 2106 4686; x_wconf 89' lang='lat' dir='ltr'>ln-</span> 
     </span>
     <span class='ocr_line' id='line_1_87' title="bbox 1107 4718 1619 4812; baseline 0.004 -26"><span class='ocrx_word' id='word_1_548' title='bbox 1107 4731 1199 4788; x_wconf 88' lang='lat' dir='ltr'>terea</span> <span class='ocrx_word' id='word_1_549' title='bbox 1218 4730 1296 4787; x_wconf 89' lang='lat' dir='ltr'>tuas</span> <span class='ocrx_word' id='word_1_550' title='bbox 1312 4719 1447 4788; x_wconf 88' lang='lat' dir='ltr'>litteras</span> <span class='ocrx_word' id='word_1_551' title='bbox 1462 4718 1619 4812; x_wconf 84' lang='lat' dir='ltr'>requiro.</span> 
     </span>
    </p>
   </div>
   <div class='ocr_carea' id='block_1_20' title="bbox 1103 4859 2104 5156">
    <p class='ocr_par' dir='ltr' id='par_1_20' title="bbox 1103 4859 2104 5156">
     <span class='ocr_line' id='line_1_88' title="bbox 1214 4859 2104 4959; baseline 0 -21"><span class='ocrx_word' id='word_1_552' title='bbox 1214 4859 1558 4958; x_wconf 75' lang='lat' dir='ltr'>Wirtenbergenses</span> <span class='ocrx_word' id='word_1_553' title='bbox 1577 4865 1703 4954; x_wconf 87' lang='lat' dir='ltr'>legati,</span> <span class='ocrx_word' id='word_1_554' title='bbox 1732 4877 1918 4959; x_wconf 87' lang='lat' dir='ltr'>postquam</span> <span class='ocrx_word' id='word_1_555' title='bbox 1932 4888 2037 4936; x_wconf 91' lang='lat' dir='ltr'>nemo</span> <span class='ocrx_word' id='word_1_556' title='bbox 2053 4865 2104 4938; x_wconf 90' lang='lat' dir='ltr'>eis</span> 
     </span>
     <span class='ocr_line' id='line_1_89' title="bbox 1103 4963 2103 5060; baseline 0.002 -26"><span class='ocrx_word' id='word_1_557' title='bbox 1103 4968 1293 5058; x_wconf 89' lang='lat' dir='ltr'>respondet</span> <span class='ocrx_word' id='word_1_558' title='bbox 1306 4967 1502 5060; x_wconf 90' lang='lat' dir='ltr'>quidquam</span> <span class='ocrx_word' id='word_1_559' title='bbox 1517 4966 1718 5057; x_wconf 89' lang='lat' dir='ltr'>petentibus</span> <span class='ocrx_word' id='word_1_560' title='bbox 1734 4980 1774 5037; x_wconf 89' lang='lat' dir='ltr'>ut</span> <span class='ocrx_word' id='word_1_561' title='bbox 1787 4967 1992 5052; x_wconf 87' lang='lat' dir='ltr'>audiantur,</span> <span class='ocrx_word' id='word_1_562' title='bbox 2018 4963 2103 5038; x_wconf 90' lang='lat' dir='ltr'>Tri-</span> 
     </span>
     <span class='ocr_line' id='line_1_90' title="bbox 1103 5061 2103 5156; baseline 0.001 -19"><span class='ocrx_word' id='word_1_563' title='bbox 1103 5069 1210 5138; x_wconf 90' lang='lat' dir='ltr'>dento</span> <span class='ocrx_word' id='word_1_564' title='bbox 1232 5066 1428 5156; x_wconf 85' lang='lat' dir='ltr'>discedunt.</span> <span class='ocrx_word' id='word_1_565' title='bbox 1496 5065 1569 5138; x_wconf 90' lang='lat' dir='ltr'>Nos</span> <span class='ocrx_word' id='word_1_566' title='bbox 1593 5061 1651 5136; x_wconf 91' lang='lat' dir='ltr'>hic</span> <span class='ocrx_word' id='word_1_567' title='bbox 1674 5080 1852 5156; x_wconf 84' lang='lat' dir='ltr'>expectare</span> <span class='ocrx_word' id='word_1_568' title='bbox 1876 5067 1962 5136; x_wconf 91' lang='lat' dir='ltr'>iussi</span> <span class='ocrx_word' id='word_1_569' title='bbox 1981 5089 2103 5138; x_wconf 89' lang='lat' dir='ltr'>sumus</span> 
     </span>
    </p>
   </div>
   <div class='ocr_carea' id='block_1_21' title="bbox 64 5159 2104 5469">
    <p class='ocr_par' dir='ltr' id='par_1_21' title="bbox 64 5159 2104 5469">
     <span class='ocr_line' id='line_1_91' title="bbox 65 5159 2104 5268; baseline 0 -27"><span class='ocrx_word' id='word_1_570' title='bbox 65 5163 237 5240; x_wconf 81' lang='lat' dir='ltr'>Ecclesiae</span> <span class='ocrx_word' id='word_1_571' title='bbox 251 5165 401 5236; x_wconf 85' lang='lat' dir='ltr'>traditae</span> <span class='ocrx_word' id='word_1_572' title='bbox 418 5177 510 5236; x_wconf 87' lang='lat' dir='ltr'>suot.</span> <span class='ocrx_word' id='word_1_573' title='bbox 561 5160 736 5237; x_wconf 83' lang='lat' dir='ltr'>Adfirmat</span> <span class='ocrx_word' id='word_1_574' title='bbox 750 5163 865 5252; x_wconf 90' lang='lat' dir='ltr'>Deus,</span> <span class='ocrx_word' id='word_1_575' title='bbox 890 5191 927 5236; x_wconf 91' lang='lat' dir='ltr'>se</span> <span class='ocrx_word' id='word_1_576' title='bbox 944 5168 1048 5238; x_wconf 88' lang='lat' dir='ltr'>etiam</span> <span class='ocrx_word' id='word_1_577' title='bbox 1101 5173 1170 5240; x_wconf 82' lang='grc' dir='ltr'>τοῦ</span> <span class='ocrx_word' id='word_1_578' title='bbox 1191 5159 1373 5268; x_wconf 78' lang='grc' dir='ltr'>ἡγεμόνος</span> <span class='ocrx_word' id='word_1_579' title='bbox 1394 5167 1571 5252; x_wconf 85' lang='lat' dir='ltr'>reditum,</span> <span class='ocrx_word' id='word_1_580' title='bbox 1606 5167 1669 5261; x_wconf 87' lang='lat' dir='ltr'>qui</span> <span class='ocrx_word' id='word_1_581' title='bbox 1692 5169 1831 5236; x_wconf 89' lang='lat' dir='ltr'>utinam</span> <span class='ocrx_word' id='word_1_582' title='bbox 1854 5167 1900 5240; x_wconf 92' lang='lat' dir='ltr'>sit</span> <span class='ocrx_word' id='word_1_583' title='bbox 1915 5169 2051 5240; x_wconf 82' lang='lat' dir='ltr'>faustus</span> <span class='ocrx_word' id='word_1_584' title='bbox 2069 5183 2104 5241; x_wconf 90' lang='lat' dir='ltr'>et</span> 
     </span>
     <span class='ocr_line' id='line_1_92' title="bbox 65 5261 2104 5360; baseline 0.001 -22"><span class='ocrx_word' id='word_1_585' title='bbox 65 5269 153 5340; x_wconf 90' lang='lat' dir='ltr'>inter</span> <span class='ocrx_word' id='word_1_586' title='bbox 171 5270 293 5339; x_wconf 88' lang='lat' dir='ltr'>ruinas</span> <span class='ocrx_word' id='word_1_587' title='bbox 311 5265 560 5356; x_wconf 89' lang='lat' dir='ltr'>imperiorum,</span> <span class='ocrx_word' id='word_1_588' title='bbox 591 5279 624 5336; x_wconf 89' lang='lat' dir='ltr'>et</span> <span class='ocrx_word' id='word_1_589' title='bbox 645 5261 839 5348; x_wconf 85' lang='lat' dir='ltr'>Ecclesias,</span> <span class='ocrx_word' id='word_1_590' title='bbox 873 5280 907 5336; x_wconf 90' lang='lat' dir='ltr'>et</span> <span class='ocrx_word' id='word_1_591' title='bbox 929 5289 1048 5339; x_wconf 88' lang='lat' dir='ltr'>earum</span> <span class='ocrx_word' id='word_1_592' title='bbox 1101 5269 1195 5344; x_wconf 82' lang='lat' dir='ltr'>felix.</span> <span class='ocrx_word' id='word_1_593' title='bbox 1221 5269 1446 5342; x_wconf 88' lang='lat' dir='ltr'>Mirandulae</span> <span class='ocrx_word' id='word_1_594' title='bbox 1459 5271 1704 5340; x_wconf 88' lang='lat' dir='ltr'>circumsessae</span> <span class='ocrx_word' id='word_1_595' title='bbox 1719 5269 1891 5360; x_wconf 89' lang='lat' dir='ltr'>picturam</span> <span class='ocrx_word' id='word_1_596' title='bbox 1906 5266 1972 5342; x_wconf 89' lang='lat' dir='ltr'>tibi</span> <span class='ocrx_word' id='word_1_597' title='bbox 1986 5269 2104 5341; x_wconf 87' lang='lat' dir='ltr'>mitto.</span> 
     </span>
     <span class='ocr_line' id='line_1_93' title="bbox 64 5361 2102 5469; baseline 0.001 -31"><span class='ocrx_word' id='word_1_598' title='bbox 64 5364 213 5464; x_wconf 89' lang='lat' dir='ltr'>hospitia</span> <span class='ocrx_word' id='word_1_599' title='bbox 234 5379 475 5462; x_wconf 90' lang='lat' dir='ltr'>protecturum</span> <span class='ocrx_word' id='word_1_600' title='bbox 497 5389 585 5454; x_wconf 87' lang='lat' dir='ltr'>esse,</span> <span class='ocrx_word' id='word_1_601' title='bbox 611 5367 702 5440; x_wconf 90' lang='lat' dir='ltr'>sicut</span> <span class='ocrx_word' id='word_1_602' title='bbox 722 5369 842 5442; x_wconf 85' lang='lat' dir='ltr'>navim</span> <span class='ocrx_word' id='word_1_603' title='bbox 856 5361 993 5444; x_wconf 74' lang='lat' dir='ltr'>Notae</span> <span class='ocrx_word' id='word_1_604' title='bbox 1009 5371 1047 5441; x_wconf 93' lang='lat' dir='ltr'>iu</span> <span class='ocrx_word' id='word_1_605' title='bbox 1101 5363 1303 5469; x_wconf 82' lang='lat' dir='ltr'>Casparem</span> <span class='ocrx_word' id='word_1_606' title='bbox 1328 5373 1511 5465; x_wconf 82' lang='lat' dir='ltr'>sperabam</span> <span class='ocrx_word' id='word_1_607' title='bbox 1532 5364 1600 5440; x_wconf 93' lang='lat' dir='ltr'>hoc</span> <span class='ocrx_word' id='word_1_608' title='bbox 1618 5369 1694 5464; x_wconf 89' lang='lat' dir='ltr'>ipso</span> <span class='ocrx_word' id='word_1_609' title='bbox 1716 5371 1790 5458; x_wconf 88' lang='lat' dir='ltr'>die,</span> <span class='ocrx_word' id='word_1_610' title='bbox 1824 5395 1905 5467; x_wconf 88' lang='lat' dir='ltr'>quo</span> <span class='ocrx_word' id='word_1_611' title='bbox 1921 5367 2102 5462; x_wconf 88' lang='lat' dir='ltr'>hancepi-</span> 
     </span>
    </p>
   </div>
   <div class='ocr_carea' id='block_1_22' title="bbox 0 0 2340 5808">
    <p class='ocr_par' dir='ltr' id='par_1_22' title="bbox 0 0 2340 5808">
     <span class='ocr_line' id='line_1_94' title="bbox 0 0 2340 5808; baseline 0 8"><span class='ocrx_word' id='word_1_612' title='bbox 0 0 2340 5808; x_wconf 95' lang='lat' dir='ltr'> </span> 
     </span>
    </p>
   </div>
  </div>
 </body>
</html>
