4658 5818
76 309 135 382 ιιι
631 297 1069 382 aristonicum
1119 289 1336 386 atnxn.
1390 303 1522 383 1⁶51.
1727 409 1728 412 Ν
2020 309 2096 388 ιιι

73 483 157 551 dana
177 471 402 564 hominibus,
435 470 526 549 aiios
550 477 695 572 quidem
720 471 929 572 prophetas,
962 475 1052 550 alios
1102 503 1204 572 saepe
1229 477 1368 548 duriter
1391 477 1586 561 eradatur,
1619 489 1654 549 et
1674 501 1753 548 eum
1780 473 1846 550 hae
1871 501 1958 550 voce
1980 501 2101 574 repre-a

73 579 254 673 apostolos,
279 579 367 650 alios
381 579 632 672 evangelistas,
656 579 745 650 alios
762 591 938 672 pastores,
963 579 1052 650 alios
1104 577 1246 652 hendit:
1273 577 1522 653 Currebantet
1538 599 1612 648 non
1629 579 1911 656 mittebam....
1928 603 1998 668 eos,
2023 605 2102 653 ma·

73 683 220 756 dedoces
235 693 299 751 etc.
324 678 431 752 Hune
446 703 676 772 agnoscamus
694 703 834 752 servare
846 677 1054 766 Ecclesiam,
1104 705 1174 773 gno
1195 683 1234 750 in
1252 682 1411 774 periculo
1428 692 1490 752 est.
1541 677 1583 749 ln
1603 673 1762 750 historiis
1778 682 2101 772 legimusvoeatio-

74 797 104 854 et
123 783 152 852 ei
173 781 303 872 gratias
325 805 485 873 agamus,
514 795 548 854 et
563 782 639 853 eins
654 782 836 854 beneficiis
850 793 1054 852 reverenter
1106 807 1186 852 nem
1202 807 1265 854 scn
1281 783 1490 862 electiones,
1515 781 1597 850 volo
1613 782 1709 850 enim
1732 785 1851 854 abesae
1872 779 2101 882 λογομαχίας

74 884 231 958 truamur.
256 881 327 956 Hie
340 883 489 976 protulit
504 907 547 953 ex
560 885 643 955 sinu
657 883 793 954 aeterni
808 881 922 956 Patris
932 879 1054 954 Evan-
1106 887 1151 954 de
1170 885 1370 969 vocabulis,
1395 885 1503 954 saetas
1524 905 1596 952 esse
1620 905 1684 974 per
1699 883 1865 975 suffragia
1881 885 1990 956 totins
2005 887 2105 956 mul-

76 985 204 1073 geliom,
230 979 289 1054 hie
303 983 542 1056 ministerium
558 981 812 1076 Evangelieum
829 983 1000 1069 instituit,
1022 997 1055 1054 et
1106 985 1282 1060 titudinis.
1316 983 1411 1056 Huic
1426 983 1590 1056 successit
1606 983 1729 1054 electio
1749 1008 1810 1056 seu
1824 987 1984 1072 vocatio,
2012 1007 2102 1081 quac

78 1087 225 1156 doctores
239 1085 335 1156 misit
350 1099 385 1157 et
400 1083 520 1157 mittit.
544 1083 721 1160 Romxa
745 1083 937 1176 Quomodo
952 1109 1055 1178 prae·
1107 1111 1204 1158 nunc
1236 1087 1275 1158 fit
1305 1111 1368 1180 per
1396 1083 1584 1177 praecipua
1619 1085 1778 1156 membra
1803 1083 2000 1174 Ecclesiae,
2037 1109 2102 1180 pcr

76 1186 234 1258 dicabunt
247 1185 429 1258 nisimisai
443 1185 603 1258 fuerim?
652 1183 768 1259 Mittit
785 1199 902 1258 autem
919 1187 977 1256 vcl
991 1211 1056 1256 vo-
1108 1188 1304 1280 principes,
1331 1201 1509 1270 senatum,
1536 1180 1707 1256 adhibitis
1730 1187 1910 1280 aliquibus
1927 1189 2103 1258 ministrls

76 1301 161 1360 catos
183 1311 245 1358 sua
266 1311 352 1358 voee
374 1287 595 1374 immediate,
626 1287 683 1357 vel
698 1301 840 1358 vocatos
855 1310 919 1378 per
932 1283 1057 1358 Eccle-
1108 1287 1306 1378 Evangelii,
1332 1303 1372 1360 ut
1387 1289 1458 1358 sint
1475 1285 1694 1378 inspectores
1711 1288 1905 1365 doetrinae.
1941 1289 2012 1362 Ubi
2026 1311 2102 1360 ιιοιι

76 1390 153 1460 siam
174 1401 234 1460 aot
258 1411 426 1482 personas
448 1402 560 1460 certas
582 1389 730 1459 nomine
750 1386 940 1462 Ecclesiae.
1001 1387 1056 1460 De
1108 1403 1159 1460 eat
1182 1386 1383 1483 prophetica
1404 1391 1461 1458 vel
1484 1388 1676 1479 apostoliea
1693 1388 1835 1476 missio,
1858 1393 1903 1461 de
1919 1415 1988 1484 qna
2004 1392 2103 1481 prius

75 1490 130 1560 illa
151 1490 317 1560 missione
333 1513 396 1560 seu
409 1489 615 1573 vocatione,
644 1513 715 1583 qua
730 1489 933 1561 immediate
948 1487 1057 1562 mittit
1109 1492 1242 1564 dictum
1264 1505 1332 1577 est,
1364 1505 1459 1561 recte
1480 1489 1631 1560 dicimus
1653 1489 1834 1560 neminem
1858 1493 1988 1563 debere
2002 1493 2103 1582 iungi

77 1593 244 1673 doctores,
284 1589 377 1664 sicut
400 1585 593 1686 prophetae
619 1603 656 1662 et
679 1591 833 1684 apostoli
854 1587 1062 1677 mittuntur,
1108 1593 1305 1663 ministerio
1320 1593 1397 1663 sine
1412 1588 1478 1662 hac
1496 1590 1680 1661 vocatione
1696 1591 1860 1680 mediata,
1883 1593 1979 1664 iuxta
1994 1593 2102 1663 illud:

77 1715 142 1762 noo
161 1691 394 1785 disputamus.
434 1686 548 1763 'Talis
563 1691 685 1762 missio
700 1692 879 1782 singulare
894 1705 929 1764 et
943 1691 1056 1764 excel·
1109 1693 1221 1765 Nemo
1262 1694 1308 1765 sit
1342 1686 1719 1790 dilorptoam'oxoaoe.
1788 1689 1878 1780 Item
1913 1694 2104 1764 durissima

76 1791 144 1862 lens
162 1791 371 1864 beneficium
385 1789 455 1864 Dei
468 1807 540 1879 est,
565 1819 636 1886 quo
651 1793 804 1866 subinde
816 1793 970 1866 restituit
986 1791 1057 1866 Ec
1108 1795 1356 1868 condemnatio
1372 1807 1440 1866 est:
1473 1795 1662 1865 currebant
1676 1805 1711 1864 et
1732 1817 1805 1866 non
1825 1793 2010 1865 mittebam
2033 1817 2103 1868 eos.

77 1893 224 1980 alesiam,
250 1909 285 1966 et
306 1892 357 1966 sie
378 1893 495 1966 missis
516 1895 618 1967 addit
633 1894 854 1980 testimonia,
876 1895 1058 1980 miracula,
1108 1895 1204 1967 llaec
1217 1897 1355 1968 vocatio
1373 1895 1609 1988 complectens
1625 1895 1737 1986 ipsam
1754 1917 1924 1987 personae
1936 1895 2105 1966 nomina-

76 1996 212 2066 etmodi
227 1995 407 2068 missionis
421 1993 567 2068 scierunt
584 2009 716 2070 etsunt
734 1995 959 2088 multiplices.
1009 1993 1059 2068 Et
1107 1999 1243 2070 tionem
1274 2021 1337 2069 seu
1362 1997 1588 2082 electionem,
1626 1997 1808 2068 doetrinae
1834 1986 2103 2088 inspectionem,

77 2119 167 2186 saepe
189 2097 291 2168 addit
310 2091 499 2168 hominum
523 2096 745 2183 testimonia,
769 2109 811 2170 ut
825 2119 985 2170 summus
1001 2119 1058 2168 aa·
1108 2099 1386 2170 testificationem
1401 2099 1495 2189 apud
1509 2094 1704 2168 Ecclesiam
1722 2109 1756 2168 et
1767 2099 2025 2189 precationem,
2051 2110 2103 2167 cst

77 2199 187 2268 cardos
201 2193 263 2273 Eli
284 2198 348 2270 scit
364 2195 564 2270 Samuelem
591 2198 708 2270 vocari
730 2196 915 2274 divinitus.
964 2195 1058 2270 Pau·
1108 2201 1223 2292 reipsa
1239 2201 1435 2284 ordinatio,
1455 2223 1545 2292 qarae
1561 2193 1619 2267 hie
1633 2199 1856 2284 nominatur,
1882 2223 1987 2292 quam
2005 2197 2104 2268 Deus

78 2297 143 2366 lem
164 2297 283 2370 sciunt
305 2299 425 2370 vocari
448 2300 619 2390 collegae,
646 2298 710 2394 qui
730 2313 815 2372 sunt
835 2323 907 2372 una
928 2293 1058 2372 Antio-
1108 2303 1185 2372 vult
1201 2325 1264 2394 per
1277 2297 1442 2372 homines
1456 2300 1495 2370 in
1511 2295 1667 2372 Ecclesia
1686 2298 1772 2375 lieri.
1812 2297 1891 2391 lpse
1906 2323 1990 2372 vero
2006 2299 2102 2369 salu-

80 2393 186 2480 ehiae,
213 2399 345 2494 quibus
367 2399 516 2472 dicitur:
548 2399 734 2492 segregate
749 2395 840 2472 mibi
855 2398 1058 2472 Barnabam
1108 2416 1200 2474 tares
1216 2404 1399 2474 ministros
1412 2402 1515 2492 nngit
1531 2400 1658 2492 spiritu
1673 2413 1737 2470 suo
1754 2414 1886 2474 sancto.
1931 2399 2010 2492 lpse
2027 2423 2103 2468 ma·

80 2497 261 2570 etSaulum
283 2501 328 2572 ad
349 2525 440 2592 opus
462 2501 671 2590 ministerii,
698 2503 745 2574 ad
766 2503 863 2596 qood
880 2501 1059 2592 segregavi
1109 2527 1178 2576 nus
1201 2503 1375 2598 imponit,
1404 2518 1439 2576 et
1461 2501 1638 2574 benedicit
1663 2500 1872 2576 ministerio.
1903 2537 1953 2558 ·-·
2005 2498 2102 2571 Haec

79 2621 141 2686 eos,
157 2597 329 2672 detortam
346 2603 405 2674 ta.
456 2600 545 2674 Vult
559 2601 657 2676 Deus
671 2602 828 2696 conspici
845 2601 1059 2686 testimonia,
1109 2629 1199 2702 quae
1215 2607 1301 2693 dixi,
1326 2605 1447 2676 omnia
1463 2603 1552 2676 iuris
1568 2601 1683 2674 divini
1698 2625 1861 2674 essenon
1876 2601 2014 2688 dubito,
2039 2625 2104 2671 vo-

79 2714 113 2770 ut
130 2714 161 2770 et
174 2701 241 2796 ipsi
257 2704 423 2774 docentes
440 2717 475 2776 et
487 2700 667 2776 Ecclesiae
682 2704 754 2776 sint
767 2717 881 2776 certae
895 2705 939 2776 de
953 2727 1058 2776 voca-
1109 2707 1300 2794 tationem,
1324 2705 1581 2798 inspectionem
1597 2705 1799 2792 doctrinae,
1820 2701 2100 2776 testificationem

79 2801 164 2872 tione
184 2817 218 2874 et
229 2805 277 2880 d'e
289 2805 464 2879 doctrina.
514 2803 611 2878 Haec'
627 2805 747 2876 missio
763 2828 824 2878 sen
837 2806 976 2878 vocatio
990 2806 1059 2878 im-
1109 2809 1201 2900 apud
1226 2805 1420 2880 Ecclesiam
1443 2819 1478 2877 ct
1498 2803 1748 2898 precationem.
1809 2799 1858 2876 Et
1885 2799 1945 2874 hic
1966 2803 2102 2876 utilitas

79 2903 217 2975 mediata
247 2918 301 2976 est
325 2906 434 2978 simul
461 2908 639 2978 ordinatio
669 2907 796 2978 talium
816 2931 1059 3000 personarum.
1109 2909 1362 2984 consideretur.
1414 2907 1541 2997 Qualis
1563 2905 1745 2978 barbaries
1760 2919 1867 2988 esset,
1893 2906 1922 2974 si
1939 2900 2101 2974 homines

79 2995 121 3074 Et
136 2999 229 3076 Dens
252 3007 355 3078 addit
375 3008 592 3080 unctionem.
650 3006 764 3079 Filius
783 3023 913 3081 unctus
932 3009 978 3080 ab
999 3033 1058 3080 ae-
1109 3035 1184 3080 non
1205 3011 1319 3082 vocati
1342 3023 1498 3081 autnon
1520 3007 1691 3102 explorati
1713 3007 1951 3102 undecunque
1976 3003 2014 3073 in
2031 2999 2101 3074 Ec·

79 3113 167 3174 terno
182 3119 298 3198 patre,
321 3121 455 3178 ceteros
473 3109 575 3200 ungit
591 3123 625 3180 et
639 3110 835 3180 sacerdotes
849 3109 944 3195 iacit,
967 3109 1059 3180 sient
1108 3111 1230 3183 etesias
1262 3109 1519 3204 irrumperent!
1558 3123 1730 3203 quantum
1765 3105 1870 3178 etiam
1902 3105 2101 3198 pericnlum

80 3203 196 3276 dicitur
217 3209 262 3278 de
279 3207 370 3278 lilio:
399 3207 553 3300 Spiritus
570 3209 709 3280 domini
724 3233 831 3302 super
844 3235 920 3296 me,
946 3234 1058 3304 eoque
1109 3227 1207 3284 esset.
1260 3213 1348 3284 Vult
1370 3215 1457 3284 deus
1471 3193 1710 3284 Ecclesiarum
1733 3221 1873 3280 coetum
1892 3229 1965 3277 esse
1987 3202 2101 3277 hone·

78 3305 168 3378 nnrit
178 3331 246 3383 me.
279 3303 327 3380 Et
341 3307 557 3384 Psalm.¹ld.:
583 3305 771 3402 Propterea
786 3313 889 3384 norit
905 3325 939 3384 te
951 3307 1059 3400 Deus,
1108 3315 1258 3386 atissime
1272 3316 1499 3399 ordinatum,
1522 3325 1563 3384 ut
1576 3309 1709 3382 Paulus
1723 3309 1857 3404 inquit:
1880 3307 1999 3379 omnia
2014 3307 2101 3378 fiant

80 3399 163 3477 Dens
185 3423 269 3480 tuus
289 3410 367 3480 oleo
392 3411 562 3496 laetitiae,
599 3424 744 3506 propter
766 3427 947 3485 consortes
966 3428 1057 3488 tuos.
1108 3417 1234 3488 decore
1248 3430 1282 3488 et
1295 3417 1431 3502 ordine,
1456 3417 1542 3488 item
1556 3407 1727 3497 Ecclesia,
1745 3425 1787 3484 ut
1800 3424 1994 3487 castrorum
2009 3409 2100 3479 acies

79 3499 119 3575 Et
138 3507 174 3578 ia
197 3509 274 3600 lege
297 3510 372 3603 typi
394 3511 539 3582 fuerumt
558 3507 665 3582 huius
685 3513 876 3584 unctionis.
929 3512 1058 3604 ingens
1108 3518 1307 3592 ordinatur.
1357 3515 1441 3588 Non
1465 3515 1543 3588 vult
1558 3514 1683 3586 esaein
1701 3538 1740 3582 ea
1756 3513 1956 3582 barbaricas
1974 3510 2101 3580 eoniu-

80 3604 279 3680 benchcium
303 3607 372 3681 Dei
402 3628 470 3697 est,
505 3627 538 3685 et
569 3613 625 3684 ius
652 3613 849 3685 vocationis
872 3616 1056 3698 mediatae,
1108 3619 1226 3691 aiones
1242 3634 1276 3692 et
1291 3609 1589 3700 ἅκαταστασίαν,
1616 3614 1798 3686 sutilium
1817 3635 1953 3682 morem
1971 3607 2100 3703 Cyclo-

80 3711 164 3800 qund
179 3711 343 3782 videlieet
356 3709 452 3782 Deus
467 3715 676 3804 regulariter
691 3715 768 3786 vult
782 3711 868 3786 voce
880 3711 1058 3787 Ecclesiae
1107 3745 1193 3812 pum
1211 3721 1254 3792 de
1269 3745 1339 3814 quo
1356 3719 1502 3790 dicitur:
1529 3709 1655 3790 ἀκούει
1671 3709 1793 3794 οὐδεὶς
1808 3705 1921 3786 οὐδὲν
1936 3702 2099 3799 adderes.

79 3813 186 3882 vocari
208 3805 373 3884 homines
398 3817 442 3884 ad
464 3815 701 3886 ministerium
719 3811 991 3908 Evangelicum,
1024 3833 1058 3889 et
1107 3819 1178 3894 Sed
1206 3819 1305 3912 signa
1330 3817 1584 3892 testificationis
1611 3818 1705 3908 apud
1729 3811 1926 3886 Ecclesiam
1949 3825 2100 3906 possunt

80 3909 243 3995 adimat,
276 3915 511 3985 ministerium
529 3918 648 3987 efficax
665 3937 755 4003 csse,
781 3919 887 3990 etiam
907 3944 986 3990 eum
1003 3931 1057 3991 ta·
1107 3946 1182 3994 csse
1207 3924 1313 3994 verba
1340 3923 1397 3994 vel
1418 3921 1529 4014 ritus,
1561 3931 1602 3990 ut
1621 3917 1697 3990 suit
1710 3931 1883 3988 manuum
1901 3913 2100 4010 impositio,

80 4007 122 4078 les
152 4015 264 4086 vocati
297 4017 447 4087 mediate
476 4041 541 4108 per
564 4013 759 4088 Ecclesiam
783 4043 825 4090 eo
847 4021 1057 4112 funguntur.
1107 4047 1211 4118 quem
1235 4024 1347 4098 ritum
1370 4038 1405 4096 et
1425 4045 1492 4093 nos
1511 4011 1627 4094 adhue
1650 4041 1847 4098 servamus,
1870 4015 1964 4110 ,quia
1982 4015 2099 4084 mani·

80 4105 147 4182 Hoc
166 4115 376 4188 beneficium
394 4117 536 4207 agnosci
553 4132 587 4188 et
601 4118 753 4209 intelligi
767 4119 806 4190 in
820 4115 978 4192 Ecclesia
993 4146 1057 4192 ne-
1105 4125 1234 4196 iestmn
1261 4139 1313 4196 cst
1332 4119 1429 4194 hunc
1449 4120 1727 4194 vetustissimum
1748 4119 1877 4204 ritum,
1919 4117 2036 4212 quiet
2059 4116 2098 4189 in

81 4233 161 4284 cesse
173 4231 235 4292 est.
268 4215 459 4307 Quomodo
477 4214 696 4290 autem'haec
711 4221 848 4290 vocatio
863 4221 951 4292 olim
967 4224 1056 4295 iacta
1105 4221 1264 4296 Ecclesia
1278 4239 1417 4318 patrum
1434 4223 1584 4304 usitatus
1599 4221 1686 4304 fuit,
1708 4220 1885 4312 apostolos
1898 4217 2099 4314 pastoribus¹

83 4313 140 4400 sit,
163 4318 356 4392 ostendunt
377 4319 471 4390 dicta
494 4319 533 4390 in
547 4318 660 4390 Paulo
684 4315 912 4396 ethistoriae.
961 4321 1057 4395 Pan·
1104 4326 1309 4410 tradidisse,
1340 4326 1404 4420 qui
1424 4339 1504 4416 post
1525 4325 1620 4420 ipsos
1644 4321 1840 4397 ministerio
1866 4317 2097 4406 sanctisunt,

82 4410 128 4483 lus
145 4419 314 4512 praecipit
330 4419 430 4506 Tito,
462 4433 504 4491 ut
525 4419 717 4492 constituat
737 4419 918 4493 ministros
934 4419 1056 4496 Evan-
1105 4441 1144 4498 ut
1159 4421 1350 4498 Timotheo
1374 4428 1557 4502 scribitur:
1585 4421 1729 4494 Nemini
1752 4421 1822 4492 cito
1839 4442 1965 4490 manna
1978 4418 2097 4510 impe,-

83 4517 166 4602 gelii3
199 4533 233 4592 et
257 4522 303 4590 ad
321 4515 552 4592 Timotheum
568 4521 707 4592 scribit:
741 4519 885 4592 Nemini
901 4524 971 4596 eitn
985 4525 1056 4596 im·
1105 4529 1195 4602 nito.
1245 4527 1341 4621 Papa
1366 4543 1400 4598 et
1413 4525 1581 4620 Episcopi
1604 4525 1727 4594 multia
1749 4521 1875 4592 seculis
1889 4515 1982 4592 hanc
1997 4520 2096 4592 testi·

81 4619 191 4700 ponito
217 4643 354 4696 mantas.
420 4619 602 4693 Vocabant
626 4622 735 4710 igitur
757 4622 825 4714 ipsi
848 4627 1000 4716 apostoli
1022 4641 1056 4698 et
1104 4629 1323 4718 ficationem,
1348 4617 1453 4724 quam
1467 4628 1657 4699 nominant
1670 4622 1949 4707 ordinationem,
1974 4619 2097 4692 multis

81 4731 222 4802 pastores
237 4721 326 4792 alios
339 4722 533 4806 ministros,
552 4737 587 4794 et
602 4723 702 4812 signo
719 4724 862 4809 usitato,
884 4749 1053 4799 manuum
1105 4731 1220 4800 modis
1242 4731 1582 4801 contaminaverunt.
1633 4719 1862 4796 Addiderunt
1876 4721 2000 4815 impias
2016 4720 2095 4811 opi-

83 4811 299 4906 impositione
313 4823 541 4894 declarabant
561 4824 800 4912 vocationem,
831 4839 872 4897 ut
888 4827 974 4921 ipsis
989 4853 1054 4900 vo-
1105 4831 1231 4902 niones
1252 4832 1381 4902 multas
1401 4831 1444 4901 de
1458 4829 1625 4900 sacrificio
1640 4851 1706 4920 pro
1722 4827 1820 4910 aliis,
1850 4827 1894 4896 de
1907 4823 2003 4918 salsis
2017 4823 2096 4892 eul-

83 4917 156 4990 catis
169 4922 287 4998 notior
300 4937 407 5005 esset,
430 4937 466 4996 et
482 4935 567 4998 nota
583 4937 672 4994 esset
684 4919 873 4998 Ecclesiae.
1103 4933 1217 5016 tibus,
1248 4933 1332 5002 item
1360 4929 1501 5002 vincula
1527 4932 1659 5002 iniusta
1687 4950 1881 5009 canonum,
1914 4923 1999 4993 item
2025 4945 2093 4994 un·

170 5019 400 5095 Vocationem
432 5037 572 5117 oportet
602 5023 780 5096 Ecclesiae
807 5027 976 5111 indicari,
1014 5043 1055 5100 ut
1104 5032 1236 5103 ctiones
1262 5054 1326 5126 per
1354 5033 1473 5106 oleum
1500 5044 1740 5104 consecratum
1762 5025 1905 5118 magieis
1928 5017 2095 5116 blasphe-

83 5121 291 5194 manilestum
315 5139 368 5196 est
390 5147 453 5196 seu
475 5125 609 5209 verbis,
633 5149 695 5196 seu
715 5151 928 5222 quocunqne
941 5130 1054 5220 signo.
1104 5133 1185 5202 miis
1206 5147 1271 5210 etc.

85 5211 162 5305 ipsis
182 5224 281 5292 ctiam
304 5226 435 5296 vocatis
457 5225 559 5295 valde
578 5227 720 5318 prodest
733 5229 820 5299 scire
835 5229 1053 5304 vocationem
1204 5231 1352 5306 Necesse
1372 5247 1424 5305 cst
1444 5234 1552 5326 igitur
1573 5231 1684 5304 taxari
1706 5243 1741 5300 et
1755 5227 1859 5299 vitari
1871 5219 1967 5298 hune
1984 5225 2094 5297 ritum

85 5339 187 5407 suam,
222 5339 255 5396 et
285 5321 416 5398 hahere
448 5326 650 5398 testimonia
674 5327 824 5403 illustria
851 5329 1054 5420 vacationis,
1085 5331 1219 5426 'Papae
1243 5352 1278 5408 et
1298 5331 1567 5428 Episcopornm.
1630 5329 1679 5403 Et
1703 5331 1762 5424 pie
1788 5331 1871 5402 feeit
1891 5319 2094 5410 Latiares,

86 5422 155 5508 quia
187 5429 397 5498 conscicntia
430 5449 548 5500 mcum
581 5429 767 5523 disputans
800 5433 1054 5506 devocatione
1103 5437 1165 5528 qui
1187 5439 1232 5506 ad
1257 5459 1375 5507 veram
1392 5433 1584 5507 Ecclesiam
1608 5433 1789 5506 transtulit
1809 5453 1884 5501 non
1901 5429 2016 5501 solum
2030 5447 2094 5499 vo-
2156 5509 2165 5516 ,

1384 5531 1465 5610 47·

653 5639 666 5672 h
