4616 5812
223 197 300 274 ⁸88
829 185 1268 274 aeteruum-ta
1327 195 1436 280 lalli-
1459 195 1528 278 xl.
1551 200 1687 282 lm.
2184 207 2249 286 ut

227 368 469 450 confessione,
489 387 597 460 quam
612 364 685 452 illl,
704 321 882 462 nisiinter
898 366 1129 460 adplausoras
1140 391 1223 440 suos
1268 369 1339 442 diis
1352 370 1527 464 partun,
1557 372 1646 450 udis
1667 374 1950 450 adventium
1968 375 2076 450 utrm
2097 375 2181 452 isus
2196 402 2251 450 scs

228 473 269 541 in
291 483 367 544 tuto
385 469 490 539 nobis
505 468 771 556 conviciantur,
789 492 880 562 quos
895 483 1097 562 optaremus
1112 469 1225 544 inter·
1269 483 1380 546 amaus
1404 497 1523 549 mores
1547 491 1783 566 congruentes
1808 501 1889 550 com
1903 473 2061 550 Emissis
2084 479 2153 551 Dei
2176 481 2251 552 ints

227 597 304 648 esse
317 573 362 646 iis
378 570 1225 666 disputationibus,in‹pribusargumentaastu-
1268 597 1380 669 usque
1406 600 1434 648 a
1458 577 1584 668 primis
1617 579 1825 670 parentibus
1857 580 2114 655 sbiiesmmns?
2162 579 2250 654 sieut

228 678 362 774 tissime
380 672 416 770 2)
452 674 660 762 excogitata,
700 697 828 764 magno
862 674 985 746 labore
1018 675 1224 749 retutemus.
1268 667 1442 750 Ctesias
1454 671 1767 772 quidamAthenis
1783 682 1978 758 tutosdies
1992 683 2251 776 contrariospo·
2303 699 2304 736 ι

227 777 397 853 Eduntur
413 777 505 870 apud
519 799 585 846 nos
602 786 636 846 ct
652 775 737 854 libri
757 775 883 860 iidem,
902 777 967 870 qui
987 788 1069 846 ante
1089 777 1224 849 bellum
1269 779 1346 872 puli
1368 779 1618 854 consuetudini
1636 783 1847 864 celebrabat.
1902 779 1953 856 Et
1976 777 2116 856 Asiani
2126 777 2163 882 ⁸)
2183 807 2251 856 sues
2303 781 2304 788 ’

227 882 319 954 editi
345 895 444 964 sunt3
479 877 552 950 Nec
567 877 657 950 ritus
672 879 732 952 alii
746 892 830 950 siun
845 876 885 948 in
897 873 1066 950 Ecclesiis
1081 881 1224 966 nostris,
1269 894 1485 963 mactarunt,
1511 895 1545 952 et
1568 883 1785 954 contrarium
1803 884 1891 956 anui
1909 885 2053 956 initium
2074 887 2251 960 conatibu-

228 1007 338 1080 qnam
360 1004 451 1076 quos
475 980 625 1052 vidistis.
681 977 731 1050 Et
760 1004 964 1074 quanquam
986 1004 1070 1050 non
1097 1005 1224 1072 magna
1269 995 1373 1068 runt,
1398 997 1440 1053 ut
1453 984 1680 1083 ostenderent
1693 1009 1729 1056 se
1746 1008 1891 1078 prorsus
1908 987 2042 1057 alienos
2056 981 2252 1060 esseabls·

227 1084 481 1158 dissimilitudo
496 1096 566 1168 est,
585 1094 703 1152 tamen
718 1082 804 1152 alibi
820 1081 959 1175 plures.
975 1082 1062 1154 alibi
1080 1083 1225 1175 paucio-
1270 1079 1428 1158 raalin's.
1478 1081 1617 1158 Scimus
1642 1109 1688 1156 ne
1713 1110 1777 1157 vos
1803 1087 1949 1184 quidem
1980 1089 2133 1182 probare
2159 1089 2252 1160 talem

228 1213 284 1260 res
306 1199 405 1272 sunt,
437 1187 480 1256 de
501 1208 570 1278 qua
595 1183 883 1256 dissimilitudine
907 1209 971 1259 nec
994 1198 1096 1256 autea
1120 1185 1226 1259 rixati
1269 1183 1483 1268 novitatem,
1516 1200 1551 1257 ct
1572 1201 1775 1260 reverenter
1791 1189 1894 1285 ‚tueri
1916 1203 2073 1264 venistae
2088 1187 2253 1264 Ecclesiae

228 1312 373 1376 sumus,
398 1311 463 1358 nec
478 1311 575 1356 nuuc
588 1285 756 1358 rixamur.
809 1283 900 1356 Nam
926 1300 1047 1358 etesse
1064 1288 1225 1380 publicos
1269 1287 1452 1372 ordinem,
1484 1287 1547 1382 qui
1575 1289 1672 1360 bono
1701 1286 1850 1362 consilio
1884 1291 2068 1364 institutus
2093 1305 2154 1364 est.
2208 1289 2253 1364 Ac

227 1413 438 1483 congressus
461 1383 646 1469 honestos,
680 1388 831 1459 stritus
856 1411 931 1458 non
957 1389 1161 1460 barbaricos
1185 1390 1224 1458 in
1271 1389 1451 1484 praecipui
1470 1390 1559 1460 ritus
1583 1391 1622 1460 in
1644 1389 1768 1464 vestris
1791 1406 1824 1462 et
1848 1389 2158 1466 nostrisEcclesiis
2180 1418 2253 1463 con-

228 1491 574 1583 illiscongressibus,
589 1491 661 1560 imo
678 1505 713 1564 et
721 1491 892 1584 quaedam
910 1489 1224 1582 disciplinaesigna
1269 1503 1403 1582 gruunt
1417 1493 1462 1562 ad
1480 1506 1631 1562 veterem
1646 1492 1819 1580 sormam,
1845 1519 1934 1587 quac
1950 1509 2042 1590 extat
2065 1497 2104 1566 in
2118 1495 2255 1586 scripto-

209 1621 304 1668 ‘csse
323 1618 462 1664 necesse
479 1607 547 1676 est,
572 1592 611 1660 in
625 1587 802 1686 quibus³)
819 1592 849 1660 si
870 1589 963 1666 nihil
978 1606 1103 1664 ronna
1124 1617 1226 1666 man·
1269 1595 1389 1678 ribus,
1416 1593 1479 1688 qui
1500 1608 1584 1666 ante
1606 1587 1829 1690 Gregoriom
1845 1593 1999 1670 fuerunt.
2048 1583 2255 1688 Disciplinae

230 1701 311 1770 data
326 1693 395 1767 Dei
410 1695 614 1764 institutum
635 1707 704 1778 est,
731 1695 774 1765 de
788 1694 942 1784 gestibus
960 1693 1045 1786 ipsis
1060 1719 1136 1764 non
1152 1717 1225 1764 esse
1270 1695 1436 1766 severitas
1452 1694 1634 1790 aliquanto
1652 1697 1767 1770 maior
1779 1695 1866 1790 luit,
1892 1709 1926 1768 et
1948 1699 2111 1774 exercitia
2135 1711 2256 1790 tempe·

230 1791 581 1895 pugnandum⁴)vos
598 1793 665 1884 ipsi
680 1795 785 1868 scitis.
832 1793 902 1867 Sed
920 1797 1094 1869 metuistis
1112 1797 1151 1866 in
1168 1819 1228 1887 ge-
1270 1797 1406 1870 tantiae
1427 1796 1559 1868 maiora
1578 1797 1742 1896 luerunt,
1766 1821 1855 1897 quas
1878 1799 1966 1870 duas
1990 1824 2045 1870 res
2064 1824 2161 1871 nunc
2176 1823 2255 1894 quo-

231 1901 345 1972 nerali
368 1900 477 1970 verbo
500 1897 664 1981 insidias,
691 1921 770 1968 cum
795 1897 947 1966 dicimus
966 1921 1032 1967 uos
1056 1899 1099 1967 de
1115 1897 1228 1969 Adia·
1271 1923 1339 1994 que
1357 1911 1519 1989 optamus
1535 1923 1639 1970 curae
1654 1923 1727 1968 esse
1741 1897 2059 1995 gubernatoribus,
2085 1902 2149 1998 qui
2163 1897 2258 1970 Cere-

232 1999 356 2098 phoris
380 2025 455 2072 non
478 2021 644 2091 pugnare.
703 1997 879 2070 Veniunt·
898 2001 1020 2074 eadem
1050 2001 1155 2071 nobis
1188 2001 1227 2070 in
1271 1999 1428 2084 manias,
1466 2013 1500 2070 et
1521 2002 1665 2072 umbras
1692 2001 1900 2094 disciplinae
1926 2003 1965 2072 in
1991 2002 2143 2098 speciem
2168 2001 2259 2073 resti·

230 2117 404 2190 mentem,
430 2125 520 2195 quae
535 2123 598 2170 vos
614 2101 808 2194 prudenter
829 2099 1038 2194 prospicitis.
1088 2093 1137 2172 Et
1162 2127 1227 2172 vo·
1272 2117 1371 2173 tuere
1387 2115 1579 2196 conantur,
1603 2127 1679 2172 non
1695 2126 1751 2174 res
1767 2103 1872 2200 ipsas.
2078 2093 2084 2104 ¹

230 2211 384 2280 luntates
407 2203 602 2274 multorum
625 2227 666 2272 co
687 2207 863 2294 spectant,
895 2212 940 2275 ut
959 2203 1227 2276 inclinationem
1372 2202 1441 2274 Sed
1457 2197 1685 2294 reprehensio
1702 2219 1835 2292 vestra,
1860 2230 1935 2275 non
1961 2207 2005 2276 de
2028 2196 2096 2276 hac
2123 2199 2261 2276 honesta

198 2313 275 2382 .ad
290 2315 399 2380 totam
413 2306 571 2398 politiam
588 2302 811 2374 Pontificiam
831 2303 971 2377 faciant.
1023 2304 1093 2376 Sed
1109 2319 1226 2375 tamen
1272 2306 1526 2376 consuetudine
1539 2303 1780 2378 Ecclesiarum
1795 2319 1995 2380 nostrarum
2011 2304 2260 2402 loquitur,sed

231 2435 312 2484 cum
325 2407 488 2500 occupati
502 2406 697 2476 maioribus
714 2405 967 2476 certaminibus
982 2407 1026 2475 de
1043 2407 1149 2478 rebus
1163 2429 1229 2475 ne·
1274 2409 1318 2476 de
1353 2404 1577 2500 quorundam
1604 2407 1807 2500 ineptorum
1834 2409 1968 2479 rituum
2004 2408 2264 2488 instauratione,

232 2512 409 2593 cessariis,
441 2509 639 2580 omittimus
668 2508 761 2578 rixas
791 2509 835 2578 de
861 2501 1098 2599 Adiaphoris,
1131 2509 1230 2578 decet
1273 2532 1362 2604 quae
1386 2509 1462 2576 fieri
1482 2532 1501 2577 a
1524 2507 1730 2602 potentibus
1752 2509 1894 2580 ridetur
1918 2523 1959 2582 ut
1974 2511 2146 2604 paulatim
2172 2506 2262 2577 resti-

228 2618 347 2690 bonos
359 2611 474 2692 viros,
501 2609 565 2703 qui
580 2610 664 2680 talia
680 2610 822 2700 legunt,
847 2604 1016 2680 adhibere
1037 2611 1228 2682 deserite-¹
1273 2623 1420 2680 tuantur
1449 2631 1572 2678 omnes
1601 2611 1731 2681 abusus
1755 2605 1947 2699 Pontificii.
2005 2603 2073 2682 Hic
2107 2609 2263 2682 mollities

231 2733 304 2789 tem
320 2717 358 2784 in
375 2713 580 2798 iudicando.
620 2709 796 2796 Varamos
810 2707 1037 2801 Adiaphora,
1062 2736 1138 2784 non
1154 2735 1230 2782 ma·
1274 2727 1393 2782 nostra
1418 2724 1620 2796 accusatur,
1640 2713 1738 2806 quod
1755 2709 1835 2787 ¹uon
1849 2698 2094 2810 uehementius
2109 2715 2264 2782 adversa·
2303 2735 2304 2814 p

229 2820 327 2912 gicas
349 2814 648 2897 consecrationes,
670 2836 746 2884 non
772 2825 968 2884 statuarum
994 2815 1229 2899 adorationes,
1273 2837 1373 2898 mur,
1410 2813 1506 2906 quod
1533 2813 1665 2884 alicubi
1691 2810 1816 2886 damus
1840 2815 2027 2885 consilium
2057 2811 2265 2890 Pastoribus.

233 2943 309 2994 non
339 2915 684 3006 circumgestationes
717 2915 820 3008 panis
858 2927 931 2990 ant¹
953 2915 1103 3004 similia,
1141 2939 1230 3009 quae
1275 2939 1320 2984 ne
1343 2915 1507 2986 deserant
1526 2908 1703 2987 Ecclesias
1728 2928 1873 3010 propter
1894 2908 1988 2988 banc
2011 2941 2143 2986 novam
2167 2911 2266 2984 servi-

116 3027 125 3034 '
229 3034 354 3115 aperte
377 3021 592 3090 damnantur
610 3041 695 3087 voce
717 3031 839 3088 nostra
856 3029 891 3086 et
914 3017 1074 3108 scriptis,
1095 3018 1170 3090 imo
1186 3041 1231 3087 ne
1275 3029 1397 3090 tutem.

190 3159 193 3166 ·
233 3122 386 3215 ineptias
402 3120 566 3213 quidem,
587 3133 632 3205 ¹ut
648 3119 811 3190 excubias
828 3119 872 3188 ad
888 3119 1101 3210 sepulcrum.
1127 3117 1231 3190 Talia
1379 3115 1574 3188 inditione
1595 3110 1835 3188 Marchiona's
1853 3112 2000 3186 Altero·
2020 3115 2102 3188 aula
2121 3115 2266 3208 primurn

231 3225 297 3320 qui
318 3224 377 3294 vel
398 3221 520 3293 odiose
543 3235 771 3304 coacervant,
800 3232 842 3292 ut
864 3243 930 3290 nos
951 3221 1144 3312 exagitent,
1174 3221 1232 3290 vel
1276 3219 1422 3314 petivit,
1453 3232 1495 3289 ut
1519 3214 1680 3289 Pastores
1706 3231 1821 3290 totum
1855 3219 1988 3288 librum
2014 3211 2266 3312 Augustarum
2303 3233 2304 3270 ι

233 3337 348 3400 astute
369 3323 558 3411 colligunt,
584 3335 623 3394 ut
639 3319 845 3393 Pastoribus
866 3322 1014 3392 duriora
1034 3346 1141 3394 onera
1163 3322 1233 3390 im-
1276 3321 1625 3412 amplecterenturac
1641 3334 1882 3414 sequerentur.
1934 3315 2000 3393 Pio
2019 3315 2267 3413 con'sensuNo-

236 3440 393 3522 ponant,
418 3425 587 3494 iniuriam
603 3423 707 3494 nobis
722 3423 877 3507 iaciunt,
903 3437 937 3495 et
958 3422 1031 3498 suis
1048 3424 1232 3494 affectibus
1276 3422 1424 3493 bilitatis
1431 3472 1444 3506 ,
1461 3419 1603 3492 Civium
1620 3435 1656 3492 et
1669 3419 1856 3493 Pastorum
1871 3421 2030 3518 modeste
2046 3420 2139 3490 facta
2157 3433 2207 3490 est
2221 3441 2267 3486 rs-

234 3553 372 3606 norem
390 3539 542 3617 gerunt..
580 3521 661 3598 Atia
676 3523 787 3597 multa
804 3539 888 3596 sunt
900 3521 1126 3615 Adiaphora,
1143 3549 1233 3619 quae
1278 3524 1424 3596 cusatio.
1473 3519 1641 3594 Decurrit
1665 3525 1747 3614 ergo
1770 3507 1850 3594 isaia
1877 3519 1922 3592 ad
1948 3519 2046 3595 aliud
2074 3521 2269 3592 consilium:

235 3648 270 3704 et
282 3628 527 3726 antiquissima
544 3625 708 3702 Ecclesia.
718 3625 892 3710 instituit,
908 3640 943 3696 et
958 3629 1004 3699 ad
1018 3627 1233 3698 concinnum
1278 3623 1447 3716 proponit
1462 3623 1647 3720 articulos,
1662 3626 1723 3720 qui
1733 3621 1931 3696 doctrinam
1945 3619 2191 3716 etLiturgiam
2205 3642 2268 3690 non

237 3735 421 3816 ordinem,
453 3743 488 3800 et
506 3731 554 3808 ad
586 3729 765 3800 docendos
786 3749 848 3798 seu
870 3729 1234 3804 commonefaciendos
1278 3719 1481 3822 mutant'),
1505 3727 1565 3795 sed
1585 3719 1664 3817 plus
1681 3727 1815 3797 rituum
1833 3727 2046 3817 imponunt,
2071 3726 2135 3818 qui
2151 3737 2270 3796 utcun·
2303 3763 2304 3838 p

234 3836 396 3908 rudiores
412 3833 635 3916 conducunt,
658 3828 1235 3920 utordoFestorum,lectionum,
1278 3852 1347 3922 que
1377 3827 1522 3896 tolerari
1555 3839 1711 3918 possunt.
1772 3825 1930 3898 Additur
1956 3825 2209 3906 comminatio,
2240 3831 2272 3888 ul

236 3936 373 4030 publici
388 3956 610 4022 congressus,
635 3953 781 4002 examen
799 3943 834 4000 et
848 3915 1024 4001 absolutio
1039 3945 1121 4003 ante
1138 3955 1236 4002 sum-
1280 3929 1343 4024 qui
1367 3921 1460 3998 hanc
1480 3949 1642 3996 nonnam
1666 3925 1932 4022 sequi'nolint,'
1958 3927 2153 3998 discedant.
2203 3917 2271 3993 Etsi
2303 3955 2304 4026 p

235 4040 371 4112 tionem
396 4033 634 4114 sacramenti,
660 4033 749 4104 ritus
772 4033 903 4124 aliquis
926 4033 1088 4125 publicae
1110 4033 1237 4126 poeni·
1279 4029 1385 4100 multi
1406 4027 1570 4098 Pastores
1592 4029 1771 4100 discedere
1792 4029 1993 4109 malebant,
2021 4043 2140 4098 tamen
2159 4020 2273 4098 Eccle·

236 4137 386 4224 tentiae,
419 4158 566 4206 examen
589 4137 628 4204 in
648 4135 935 4220 confirmatione,
973 4135 1116 4225 publica
1137 4137 1237 4206 ordi·
1280 4131 1351 4200 siae
1384 4131 1569 4222 petebant,
1608 4154 1656 4200 ne
1688 4131 1946 4203 desererentur.
2004 4127 2088 4202 Teii
2123 4142 2272 4218 tempore
2303 4171 2304 4190 ι

237 4243 334 4316 natio
356 4240 401 4310 ad
425 4237 665 4307 ministerium
686 4231 964 4323 Evangelicum,
988 4237 1148 4329 publicae
1174 4239 1236 4306 de·
1280 4233 1367 4324 quid
1384 4231 1524 4304 consilii
1540 4233 1699 4303 dandum
1716 4232 1811 4308 luit?
1845 4229 2080 4322 Respondent
2092 4229 2209 4323 aliqui
2221 4247 2275 4292 ve·

236 4341 498 4437 sponsationes,
533 4351 568 4408 et
598 4337 817 4429 precationes
850 4337 888 4406 in
912 4339 1065 4428 nuptiis,
1095 4335 1236 4408 honesti
1280 4329 1528 4416 hementiores,
1542 4333 1656 4402 atroci
1666 4331 1797 4426 scripto
1811 4331 2167 4424 perterrefacieudam
2179 4328 2276 4400 fuisse

237 4446 425 4519 comitatus
439 4454 501 4512 aut
520 4440 623 4510 etiam
642 4438 830 4515 conciones
845 4437 884 4506 in
904 4439 1100 4512 funeribus.
1281 4436 1399 4504 aulam
1416 4447 1513 4510 metu
1529 4433 1732 4517 seditionis,
1758 4445 1793 4504 et
1809 4429 1875 4504 hac
1891 4425 2065 4528 Gorgona
2085 4431 2275 4524 reprimen-

245 4613 249 4620 ,
339 4557 544 4634 Raeticum
568 4548 1238 4648 pleraque12⁶)umgtnggpudmg‚
1282 4537 1393 4620 dam,
1411 4533 1612 4626 nequidin
1625 4529 2023 4628 Ecclesiis·'mutaretur.
2077 4529 2121 4602 Id
2146 4556 2211 4602 cur
2232 4531 2276 4598 is·

238 4679 273 4735 et
294 4664 391 4734 bono
417 4657 567 4730 consilio
595 4670 730 4727 retenta
758 4656 846 4742 sint,
882 4681 952 4749 qua
976 4659 1094 4727 fronte
1121 4658 1237 4727 dicere
1284 4635 1550 4718 ⁰⁰¹0¹¹⁰¹i¹¹¹¹¹⁸s
1576 4633 1709 4704 must&
1726 4628 1941 4726 1101188Μ’)
1957 4643 2193 4706 immuni·
2235 4625 2276 4698 Ei

238 4779 457 4858 poteramus,
489 4781 555 4829 „05
576 4758 676 4830 „ulla
701 4751 928 4848 Adiaphffl,
952 4753 1046 4827 „ihil
1069 4760 1237 4830 mmmm
1282 4735 1438 4806 fortassis
1464 4735 1575 4824 magis
1609 4735 1837 4808 irritarentur
1870 4735 2026 4821 inimici,
2057 4735 2123 4828 qui
2157 4733 2277 4804 nolunt

237 4867 453 4940 admissuros
476 4860 575 4931 essa?
625 4855 686 4932 An
707 4873 748 4932 ut
765 4860 803 4930 lit
818 4860 857 4928 in
872 4861 1086 4932 factionibus
1107 4873 1141 4931 et
1163 4873 1238 4932 stu·
1283 4837 1352 4909 ”bi
1386 4836 1479 4925 leges
1497 4861 1524 4904 ’θ
1551 4835 1656 4906 ¹¹⁰¹)ss
1681 4835 1784 4906 fefflss
1832 4837 1992 4908 dicerent
2016 4837 2123 4906 etiam
2152 4813 2304 4906 artemii

1284 4937 1456 5008 exercitus
1466 4935 1652 5008 ¹Caesaris:
1685 4937 1771 5010 talia
1793 4937 1922 5030 scripta
1945 4961 2020 5009 esse
2043 4937 2190 5008 classica
2212 4933 2278 5004 bel-

1287 5095 1511 5118 ubuum—unu·-

272 5121 301 5190 Ι)
318 5117 479 5173 acutissime
494 5109 556 5165 cod.
568 5107 636 5162 llas.
652 5115 679 5162 et
690 5115 754 5162 test.
764 5107 847 5178 prius.
873 5129 877 5132 ·
1887 5157 1890 5164 ⁴
2008 5173 2013 5183 .

271 5207 302 5263 St
324 5203 393 5258 Cod.
406 5201 472 5254 Bae.
485 5205 512 5250 st
527 5203 590 5251 tert.
604 5191 686 5262 prim.
700 5209 765 5259 quo.
1318 5191 1350 5259 6)
1370 5191 1440 5246 coa.
1454 5189 1518 5248 ttae.
1532 5202 1558 5245 et
1572 5200 1634 5247 tert.
1647 5193 1727 5261 prim.
1742 5193 1869 5252 Asiatici.

272 5297 301 5360 4)
320 5289 395 5344 Text.
412 5283 496 5357 prim.
509 5281 676 5334 assandum.
1318 5276 1352 5342 7)
1370 5276 1441 5328 God.
1459 5275 1527 5332 ttae.
1543 5285 1568 5328 et
1584 5283 1645 5330 test.
1661 5274 1744 5346 prini.
1759 5283 1870 5329 notant.

270 5379 299 5446 5)
317 5377 396 5446 †suo
415 5364 594 5424 eutasius
610 5360 769 5434 seraptim.
855 5413 865 5426 ,
1317 5362 1347 5430 8)
1364 5365 1499 5416 tomam
1513 5359 1586 5417 addit
1601 5359 1665 5417 cod·
1680 5360 1746 5417 Bar.
1765 5371 1867 5416 estest.
1882 5353 1962 5435 prim.
