4682 5808
642 185 1080 282 EPISTOLARUM
1128 187 1233 268 ΗΒ.
1268 187 1334 270 xt.
1388 187 1518 272 rats.
2048 195 2098 270 st

91 198 131 275 il

91 391 165 458 agan
182 359 301 436 adhuc
324 366 368 436 de
389 365 606 436 instituenda
636 365 723 436 illuc
743 363 960 458 professione
983 375 1055 445 tua,
1108 371 1147 431 ut
1162 359 1204 426 ad
1220 380 1287 426 nos
1303 357 1421 428 veniat
1430 408 1445 476 ,ι
1466 359 1596 452 qulbus
1613 359 1808 462 epistolae)
1826 366 1855 436 si
1872 379 1951 438 tuae
1965 361 2098 441 adhor-

91 467 287 540 remiseram
307 489 370 556 ego
393 467 537 558 quidem
559 468 657 538 illius
680 469 802 538 eadem
823 467 868 536 de
891 465 997 532 read
1019 475 1055 532 te
1110 461 1258 530 tationes
1282 474 1506 542 accesserant,
1532 485 1607 532 non
1629 464 1772 550 diffido„
1791 489 1872 538 curn
1894 472 2098 560 persuaderi

91 571 183 640 literas
197 567 237 636 in
260 563 612 664 mauusss'Aepini,
638 582 677 641 nt
695 570 726 638 is
750 591 857 658 porro
875 587 932 635 eas
954 567 999 634 ad
1022 577 1055 634 te
1109 583 1228 652 posse,
1257 572 1298 630 ut
1319 561 1599 642 totiesoblatam
1615 559 1649 658 ⁷)
1681 568 1901 640 vocationem
1921 585 2103 664 sequatur,

89 670 324 742 transmitteret.
375 667 501 740 Mense
517 684 632 740 autem
643 665 760 762 Aprili
775 681 838 739 aut
854 666 966 748 Maio,
993 667 1057 735 ad-

89 773 218 842 dideram
236 783 270 840 et
285 791 388 854 meas,
413 772 542 864 quibus
557 771 586 839 si
602 771 692 841 forte
707 783 867 861 sumptus
881 793 954 838 non
972 791 1058 859 sup-

88 885 209 965 peteret,
237 866 412 940 huncine
435 872 499 942 tibi
518 887 723 944 curaturum
749 893 822 942 esse
843 869 1055 953 scribebam3

89 976 133 1041 sed
148 971 257 1042 nescio
272 995 318 1042 an
342 973 385 1041 ad
406 986 440 1042 te
455 973 689 1066 pervenerint.
741 971 924 1062 Rogabam
939 985 1058 1061 postea

88 1073 122 1144 l).
135 1071 315 1142 Allertum
333 1087 504 1160 nostrum,
530 1089 569 1144 ut
585 1075 642 1160 is,
658 1075 687 1142 si
702 1077 846 1166 quando
859 1073 908 1143 ita
922 1071 1058 1140 incide-

87 1189 143 1254 ret,
170 1187 209 1245 ut
233 1177 278 1244 ad
303 1189 337 1248 te
357 1175 543 1260 scriberet,
576 1199 784 1266 responsum
810 1175 872 1246 abs
895 1185 928 1243 te
952 1171 1057 1242 nobis

86 1277 276 1366 impetraret·
329 1272 475 1345 Interim
499 1289 617 1347 tamen
640 1301 754 1370 neque
774 1299 837 1366 per
863 1271 1057 1370 Arpinum,

87 1399 179 1468 oeque
200 1399 265 1468 per
281 1369 470 1446 Alberlnm
494 1379 611 1448 abste
637 1380 824 1471 quicquam
848 1376 1058 1465 accepimus,

86 1479 161 1570 quod
183 1479 326 1570 quidem
353 1491 495 1570 propter
519 1479 640 1550 turbas
665 1491 797 1549 vestras
827 1478 958 1548 laetum
984 1497 1058 1543 esse

85 1577 285 1648 larilenobis
304 1580 565 1670 persuademus.
617 1577 721 1650 Nunc
740 1603 866 1672 porro,
891 1601 972 1647 cum
988 1570 1058 1646 hoc
1091 1645 1094 1654 ,

85 1681 182 1749 denuo
203 1705 222 1749 a
246 1680 350 1752 nobis
372 1682 488 1750 bonus
512 1677 570 1752 hic
591 1679 789 1773 Episcopus
813 1678 982 1772 postulet,
1018 1690 1058 1747 ut

85 1801 204 1850 mrsum
233 1795 266 1850 te
292 1781 390 1850 illius
417 1783 532 1852 verbis
566 1781 781 1875 suscipiendi
808 1779 947 1852 itineris
973 1779 1058 1847 illuc

84 1883 284 1967 admoneam,
306 1884 418 1952 lacere
433 1907 507 1953 non
523 1885 634 1975 potui,
648 1885 735 1978 quin
753 1883 806 1952 illi
825 1877 889 1951 hae
906 1881 943 1949 in
961 1891 1058 1970 parte

85 1983 298 2078 obsequerer,
321 2007 361 2052 ac
377 1985 421 2052 ad
437 1997 470 2054 te
488 2008 629 2056 rursum
651 1985 858 2068 scriberem,
882 1995 934 2068 et,
959 1994 999 2052 ut
1014 1981 1058 2048 de

83 2085 184 2154 animo
207 2085 319 2176 ipsius
344 2085 415 2175 ipse
441 2086 567 2156 certior
591 2088 670 2170 lias,
696 2085 944 2167 verbaillius,
969 2103 1059 2174 quae

83 2185 117 2253 ad
133 2185 355 2277 meseripsit,
381 2187 519 2259 addam.
571 2185 754 2277 Cupirnus,
779 2177 966 2280 inquit*),
992 2207 1058 2252 no-

84 2287 148 2354 stris
162 2285 328 2357 Ecclesiis
344 2311 461 2356 veram
478 2290 522 2356 de
536 2285 612 2358 Deo
632 2289 829 2359 doctrinam
847 2307 1057 2378 proponere,

81 2383 522 2458 uecvolnmusCothurnos
541 2390 672 2476 iacere,
695 2402 755 2460 aut
769 2386 1059 2478 ambiguitatibus

82 2487 202 2573 ludere,
226 2489 286 2558 sed
304 2503 435 2560 semota
452 2491 550 2560 omni
567 2491 753 2582 prudentia
769 2491 903 2574 carnis,
927 2511 1060 2570 veram,

81 2589 284 2678 perspicuam
318 2613 496 2660 sacrarum
535 2593 718 2664 literarum
751 2615 898 2660 normae
929 2611 1058 2659 conve-

80 2687 220 2759 nientem
246 2691 428 2761 doetrinae
450 2693 600 2762 formam
626 2696 672 2762 ad
696 2707 854 2785 posteros
876 2689 1058 2761 transmit-

78 2802 155 2875 tere,
176 2806 216 2862 ut
238 2805 275 2862 et
290 2794 382 2882 apud
404 2817 526 2862 omnes
549 2809 668 2883 gentes
691 2809 782 2865 extet
804 2795 941 2864 illustre
959 2790 1057 2860 testi-

78 2893 221 2962 monium
250 2895 431 2963 doctrinae
459 2909 599 2964 nostrae
613 2893 661 2993 ¹),
693 2896 792 2986 gravi
817 2898 1001 2964 doctorum
1024 2903 1058 2962 et

75 2991 202 3080 piorum
219 2996 427 3066 auctoritate
448 2997 638 3082 traditum,
663 3010 697 3067 et
711 2997 875 3067 universa
886 2993 914 3087 ⁹)
939 3007 1057 3085 poste-

77 3091 147 3162 ritas
168 3119 332 3164 normam
359 3091 501 3182 habeat,
536 3123 642 3191 quam
659 3111 836 3190 sequatur.
893 3094 950 3166 Ad
976 3119 1058 3187 per-

75 3193 247 3264 ficiendam
264 3221 339 3264 rem
358 3211 488 3268 tantam
514 3199 733 3269 eruditorum
752 3195 938 3268 hominum
955 3221 1057 3287 prae-

1110 662 1242 746 nullas,
1268 674 1308 732 ut
1330 663 1504 745 arbitror,
1530 661 1677 736 insidias
1708 662 1863 740 hostium
1886 672 2055 766 nullaque
2069 667 2099 765 ⁸)

1109 763 1278 832 itinerum
1295 763 1448 854 pericula
1470 766 1689 855 pertimescet
1702 763 1750 863 ⁹),
1776 773 1907 863 quaesi
1922 797 1992 866 qua
2006 787 2100 854 suut,

1110 864 1249 933 minora
1266 879 1381 934 tamen
1398 879 1482 936 sunt
1497 867 1551 952 iis,
1578 867 1616 936 in
1635 869 1764 961 quibus
1776 895 1871 942 nunc
1884 887 1946 948 est.
1997 872 2101 946 adde

1111 967 1206 1057 quod
1233 965 1349 1054 exigui
1371 967 1541 1058 temporis
1569 970 1738 1042 molestiis
1762 973 1962 1050 multorum,
1985 997 2101 1052 auno-

1111 1091 1191 1136 rum
1209 1066 1362 1160 quietem
1387 1067 1474 1152 sibi,
1500 1069 1713 1160 reipublicae
1731 1095 1815 1144 vero
1830 1075 2017 1149 utilitatem
2035 1079 2101 1148 ad-

1110 1168 1199 1238 seret
1220 1181 1409 1240 aeternam.
1462 1167 1569 1257 Quod
1593 1172 1624 1240 si
1644 1173 1678 1242 ei
1706 1169 1772 1244 hoc
1795 1177 1839 1246 ad
1863 1198 1931 1246 nos
1951 1177 2019 1248 iter
2041 1194 2104 1250 aut

1112 1268 1239 1338 inutile
1266 1282 1329 1338 aut
1360 1270 1601 1356 iniucundum⁴
1616 1269 1658 1368 ¹⁰)
1691 1275 1767 1344 fore
1797 1278 2031 1370 perspicerem
2046 1275 2103 1376 ¹¹),

1111 1393 1215 1438 nemo
1234 1393 1289 1438 me
1305 1384 1397 1440 certe
1413 1371 1466 1440 illi
1482 1367 1541 1442 hic
1554 1369 1798 1446 vehementius
1813 1379 2031 1452 dissuaderet
2040 1377 2103 1476 ¹¹);

1111 1473 1171 1539 s'ed
1185 1465 1225 1564 ¹³)
1249 1495 1328 1540 cum
1345 1471 1505 1558 videam,
1531 1469 1623 1544 nihil
1640 1475 1684 1546 ab
1703 1501 1762 1563 co,
1787 1493 1849 1550 aut
1872 1481 1940 1572 ipsi
1957 1495 2019 1553 aut
2033 1483 2105 1552 rei-

1112 1571 1275 1664 publicae
1298 1595 1398 1663 posse
1422 1573 1498 1643 lieri
1514 1575 1657 1662 utilius,
1683 1603 1787 1672 quam
1802 1593 1843 1651 ut
1865 1576 1932 1652 hoc
1947 1595 2122 1675 tempore·

1112 1674 1156 1740 ad
1177 1695 1241 1742 nos
1262 1673 1398 1758 veniat,
1434 1673 1527 1744 insto
1550 1671 1810 1767 vehementium
1845 1695 1949 1776 teque
1973 1708 2037 1754 oro
2053 1680 2105 1772 ¹⁴),

1113 1787 1151 1843 ut
1173 1796 1314 1842 ornnem
1334 1797 1453 1844 curam
1477 1777 1794 1873 cogitationemque
1810 1795 1908 1870 tuam
1928 1785 1968 1856 in
1984 1779 2104 1873 ἦσθ’)

1112 1887 1311 1958 convertas,
1345 1887 1384 1944 ut
1398 1868 1616 1973 Philippum
1632 1893 1792 1951 nostrum
1818 1887 1922 1976 plane
1938 1899 2105 1958 nostrum

1112 1976 1228 2048 iacias.
1267 1973 1393 2063 Qualis
1408 1975 1519 2068 ipsius
1537 1975 1594 2048 hir
1609 1973 1649 2076 ¹⁰)
1665 1981 1781 2054 lutura
1798 1985 1845 2055 sit
1861 1987 2017 2056 conditio
2034 1987 2103 2056 iarn

1112 2075 1267 2160 osteudi;
1294 2077 1342 2145 ita
1359 2089 1476 2146 tamen
1499 2081 1656 2164 ostendi,
1682 2095 1721 2151 ut
1744 2087 1957 2176 experientia
1975 2088 2048 2180 ipsa
2068 2085 2105 2182 17)

1111 2177 1230 2270 potius
1267 2200 1374 2270 quam
1413 2203 1490 2248 mea
1526 2183 1788 2272 praedicatione
1829 2188 1996 2280 Angliam
2039 2214 2106 2259 no-

1112 2294 1218 2350 stram
1237 2273 1277 2372 ¹⁸)
1301 2277 1333 2346 ei
1359 2279 1496 2370 placere
1522 2277 1727 2378 cupiam¹⁹).

1212 2377 1393 2450 Hactenus
1414 2379 1486 2456 ille.
1539 2379 1634 2470 lam,
1662 2409 1742 2456 cum
1766 2387 1905 2476 videas,
1938 2390 1988 2460 mi
2010 2381 2105 2460 Pht-

1113 2475 1228 2576 lippe,
1254 2483 1297 2550 ad
1323 2482 1407 2574 quid
1432 2483 1567 2553 voceris
1589 2499 1621 2556 et
1638 2511 1728 2579 quo,
1753 2489 1841 2560 item
1855 2492 2015 2562 omnium
2039 2489 2107 2562 ho-

1112 2583 1249 2652 minum
1272 2596 1307 2652 et
1331 2583 1382 2652 tui
1404 2597 1439 2653 et
1453 2609 1556 2655 verae
1574 2587 1756 2676 religionis
1781 2593 2105 2664 amantissimorum

1112 2695 1147 2751 et
1170 2697 1305 2776 quanto
1331 2685 1447 2755 studio
1469 2687 1622 2773 voceris,
1649 2691 1875 2785 simulatque
1898 2697 2105 2786 expectetis:

1112 2785 1266 2875 profecto
1292 2785 1428 2870 nescio,
1453 2812 1522 2881 qua
1540 2791 1753 2861 conscientia
1772 2795 1993 2864 vocationem
2014 2791 2106 2866 harre

1110 2885 1287 2976 negligere
1312 2887 1445 2978 possis,
1479 2891 1706 2980 praesertim,
1739 2893 1770 2962 si
1795 2896 1931 2965 nullam
1963 2897 2041 2967 istic
2071 2913 2105 2968 te

1111 2995 1240 3058 ce'rtam
1259 2989 1478 3058 vocationem
1501 2989 1571 3059 iam
1589 2987 1720 3062 habere
1735 2995 1874 3082 videas,
1897 3022 2002 3090 quam
2020 2993 2105 3070 huic

1110 3088 1236 3158 merito
1247 3113 1425 3182 opponere
1440 3115 1555 3184 queas.
1582 3091 1622 3164 si
1639 3094 1677 3162 in
1695 3093 1802 3165 simili
1816 3099 2000 3168 vocatione
2016 3115 2050 3170 te
2060 3096 2105 3195 ²⁰)

1110 3212 1184 3258 esse
1200 3191 1344 3260 voluisti
1366 3191 1584 3263 sanctissimo
1608 3197 1685 3264 seni
1708 3197 1762 3266 illi
1788 3212 1910 3269 nostro
1928 3197 2105 3294 Episcopo
2219 3209 2224 3220 ’

75 3297 172 3364 sentia
194 3297 303 3366 nobis
329 3322 418 3388 opus
450 3321 523 3368 esse
551 3287 803 3385 iudicavimus,
836 3299 898 3392 qui
921 3298 1057 3368 collatis
1110 3281 1347 3376 Coloniensi,
1380 3315 1465 3362 sane
1484 3318 1530 3363 ne
1556 3319 1651 3367 nunc
1674 3299 1818 3391 quidem
1841 3301 1908 3371 tibi
1930 3302 1967 3371 id
1984 3301 2106 3373 licebit

74 3397 247 3468 nobiscum
273 3397 414 3467 iudiciis
436 3400 893 3471 doctrinae·controversias
916 3401 1055 3480 tollant,
1110 3391 1148 3460 ln
1171 3415 1272 3462 causa
1289 3395 1404 3466 multo
1425 3397 1596 3485 graviore·
1650 3398 1752 3485 Scio,
1778 3425 1882 3492 quarn
1909 3401 2012 3474 inviti
2034 3405 2106 3475 sint

75 3507 102 3564 et
115 3497 288 3588 integrum
304 3523 431 3592 corpus
448 3525 552 3570 verae
565 3503 745 3580 doctrinae
760 3515 950 3575 exstruant.
984 3497 1055 3570 Ac.
1109 3507 1143 3562 te
1160 3491 1263 3564 istinc
1281 3496 1462 3565 dimissuri
1478 3497 1549 3582 tui,
1575 3523 1751 3594 quamque
1766 3517 1799 3570 et
1813 3514 1853 3570 tu
1873 3503 2008 3574 invitus
2024 3505 2104 3574 illos

73 3599 268 3670 cersivimus
290 3601 601 3696 igiturplerosque
615 3604 691 3694 pios
708 3618 743 3674 et
759 3600 790 3698 ³)
810 3605 932 3674 doctos
948 3603 1056 3687 viros,
1109 3594 1305 3690 relinquas,
1335 3592 1403 3666 hoc
1431 3597 1651 3689 potissimum
1677 3613 1852 3692 tempore;
1887 3607 1947 3674 sed
1972 3619 2104 3688 metuo,

74 3719 211 3788 qnorum
234 3702 325 3772 alios
348 3698 518 3775 hahemus
540 3705 629 3788 iam,
654 3705 743 3774 alios
765 3729 850 3774 vero
873 3704 972 3773 brevi
995 3727 1055 3772 ex.
1107 3719 1153 3764 ne
1170 3709 1202 3766 le
1217 3721 1289 3766 non
1305 3723 1427 3768 omues
1443 3700 1521 3768 istic
1537 3724 1600 3792 pro
1617 3723 1657 3771 eo
1675 3725 1714 3771 ac
1729 3703 1918 3789 vellemus,
1945 3708 2101 3780 audiant.

72 3815 251 3886 pereamus.
309 3801 379 3874 Sed
412 3805 456 3872 de
480 3797 660 3901 Philippo
686 3799 937 3876 Melanthum
962 3800 1055 3874 nihil
1107 3795 1212 3870 Eteut
1234 3799 1556 3870 audiautnonduru
1573 3801 1669 3888 scio,
1692 3827 1738 3872 an
1763 3817 1861 3875 tanto
1885 3831 1964 3877 curn
1985 3809 2104 3879 iructu

72 3895 175 3972 adbuc
191 3901 282 3974 certi
304 3899 494 3983 habemus,
519 3929 629 3998 quare
651 3919 686 3975 te
707 3930 927 3999 summopere
951 3929 1055 3995 roga-

71 4023 155 4082 mus,
180 4019 220 4074 ut
247 4003 371 4089 illum,
396 4005 424 4073 si
443 4005 479 4072 id
496 4006 575 4076 ullo
592 4009 698 4078 modo
723 4009 837 4078 lacere
860 4009 988 4100 possis,
1010 4008 1055 4076 ad

70 4098 126 4169 iter
154 4107 200 4174 ad
236 4127 305 4172 nos
336 4105 598 4194 suscipiendum
634 4106 838 4198 inducas⁴).
896 4107 1054 4178 'l'ertiam

70 4223 152 4273 uurrc
166 4205 357 4298 epistolam
372 4207 417 4277 ad
433 4207 537 4278 illum
549 4207 631 4278 misi
646 4205 693 4305 ⁵),
716 4233 784 4304 qua
801 4211 904 4280 illum
920 4205 1056 4295 hortor,

1140 4082 1168 4148 s)
1187 4081 1274 4139 osas.
1291 4085 1365 4138 meu
1379 4083 1511 4156 sperasti..

1139 4166 1169 4234 7)·
1187 4169 1331 4232 oblatam}
1347 4169 1437 4229 Gaea.
1455 4173 1608 4230 duratum..

1139 4250 1167 4320 8)
1186 4247 1274 4305 Gabb.
1288 4254 1377 4306 nullu.

1139 4335 1169 4404 9)
1187 4333 1280 4390 Gabb.
1290 4338 1476 4400 pertimescit.

1054 4435 1057 4438 ’
1141 4423 1186 4488 10)
1202 4423 1253 4473 laos
1271 4425 1310 4472 ud
1327 4439 1380 4475 nos
1398 4423 1453 4474 iter
1469 4450 1505 4464 -
1519 4449 1553 4464 ·-
1567 4423 1767 4493 iniucundum]
1786 4424 1874 4483 Gabb.
1893 4393 2104 4496 commigratio·

96 4481 118 4550 ⁶)
137 4480 251 4554 legitor
268 4486 379 4556 epistola
391 4485 437 4541 illa
448 4487 594 4544 Crannreri'
607 4489 639 4543 de
652 4487 838 4549 Melantbone,
856 4485 917 4540 data
933 4486 959 4540 d.
972 4485 1059 4543 alut.
1154 4513 1157 4520 ·
1173 4505 1240 4542 mm
1253 4493 1294 4542 acl
1304 4507 1356 4544 nor
1370 4501 1423 4543 out
1437 4493 1567 4544 muntem
1581 4501 1632 4546 aut
1643 4493 1836 4548 ieaiueundom.

124 4555 200 4608 1548.
212 4556 244 4606 ln
259 4552 387 4642 EpiSlOll!
400 4557 498 4613 clitor-
513 4559 605 4617 viror.
618 4559 661 4613 eff·
677 4557 731 4612 RS·
748 4558 783 4612 A·
799 4553 940 4610 Gflhbtm
955 4573 981 4627 p.
997 4555 1055 4610 10⁸·
1142 4571 1183 4639 Π)
1203 4572 1294 4628 (Μή),
1306 4575 1504 4639 prsslplcdl'lm·

97 4650 118 4718 ¹)
138 4653 232 4709 θὺδ·
246 4659 284 4706 ἅ
295 4657 429 4710 domim
441 4669 551 4714 nostra.
1142 4659 1187 4726 12)
1206 4657 1297 4716 Gabb.
1309 4675 1394 4714 nemo
1405 4669 1479 4714 certe
1491 4675 1538 4713 me
1550 4661 1726 4716 dissuaderet
1741 4663 1946 4721 uehementius.

95 4755 121 4820 2)
137 4758 207 4812 Cori.
224 4759 295 4810 Bar.
305 4759 336 4811 r'n
348 4759 490 4816 mtrem,
1145 4745 1188 4810 ts)
1207 4751 1271 4809 sed]
1289 4743 1378 4800 Gabb.
1395 4743 1474 4798 nune
1494 4763 1569 4802 vero·

95 4853 290 4927 &plerosque
300 4860 364 4924 pior
378 4863 420 4923 et]
437 4855 525 4914 Gabb.
544 4867 610 4912 erte
625 4869 655 4913 et
667 4861 741 4913 altos
754 4863 903 4930 quosdam.
1142 4830 1186 4894 14)
1206 4833 1276 4892 “⁰1
1292 4825 1381 4881 θῶ·
1397 4829 1503 4882 ΜΨ·
1600 4838 1605 4844 “

95 4955 119 5020 l)
135 4975 261 5023 quorum
282 4959 356 5015 olibe
374 4959 511 5012 bodemen
523 4983 556 5002 -
569 4985 605 4998 -·
616 4959 750 5042 ierdueus]
767 4957 822 5012 Pro
834 4959 874 5012 bis
893 4955 1055 5016 Gebbemrr
1141 4913 1186 5066 ἒξ
1204 4912 1298 5052 ἓξὲξ,
1313 4915 1529 5070 woman
1547 5007 1574 5053 u
1590 5001 1684 5067 m

124 5027 171 5092 qui
180 5045 248 5078 cum
264 5044 321 5080 non
330 5029 475 5094 gravatim
487 5029 526 5078 sd
541 5043 595 5080 noc
610 5037 749 5088 venerant,
766 5031 808 5080 ita
826 5037 857 5080 ut
870 5032 981 5085 meliton
990 5029 1055 5094 seno
1209 5083 1215 5097 ,
1516 5061 1519 5070 ·

124 5111 160 5145 ex
171 5097 208 5146 ic's
218 5105 341 5159 praeter·
350 5104 378 5147 te
392 5104 419 5148 et
432 5095 641 5148 llelontlronem
653 5097 861 5148 desideremus:
876 5114 1054 5164 summopere
1143 5081 1186 5149 ι7)
1203 5085 1283 5149 ¹9³⁰]
1302 5080 1394 5138 Μ·
1410 5089 1513 5137 ΜΨ·

125 5169 150 5212 te
161 5179 319 5229 rogamus,
337 5171 369 5214 ut
382 5169 410 5217 el
425 5165 486 5228 ipse
496 5169 535 5215 ud
547 5179 603 5216 nos
616 5165 726 5223 uenias,
745 5171 775 5215 et
785 5163 1014 5236 Melantbomm,
1031 5170 1058 5222 ci

125 5233 284 5302 udolenodo
292 5233 362 5300 fieri
376 5236 498 5300 poteret,
514 5242 607 5287 tecum
622 5235 761 5304 amcos,

95 5327 117 5396 i)
132 5333 213 5384 illmn
227 5333 316 5406 mul}
332 5330 423 5402 uest.
435 5333 647 5400 Helantlaonem
658 5335 752 5392 uiuo.

1141 5163 1186 5231 18)
1202 5171 1350 5230 eroatrurn]
1367 5164 1454 5222 Gabb.
1473 5180 1530 5220 nou
1548 5163 1639 5220 babet.

1141 5251 1184 5320 19)
1205 5251 1275 5305 cod.
1292 5253 1462 5315 septenne.

1021 5374 1026 5388 .
1139 5335 1185 5410 2⁰)
1205 5336 1321 5395 Videtur
1338 5335 1479 5392 excideres
1501 5336 1689 5405 obedientem,
1714 5333 1755 5390 rel
1772 5333 1871 5392 simile.
