4670 5808
77 235 143 314 iii
638 229 1078 316 EPlS'EOEAEUM
1102 235 1244 318 'uta
1264 237 1351 322 stt.
1371 243 1377 255 '
1404 239 1536 322 tm
2024 253 2101 330 m

75 405 199 484 nisliei
213 405 257 483 'et
274 403 478 498 doctrbse,
510 421 632 502 postes
651 411 875 504 singulorum
898 412 1051 498 vocatio,
1100 412 1219 504 iprsun
1242 413 1471 486 cuedistorem
1494 419 1581 488 bruc
1604 435 1746 514 quoqsm
1767 425 1950 494 custodem
1974 437 2011 496 et
2028 445 2097 514 gua
2238 485 2242 492 .

75 511 271 597 certamina,
295 511 485 598 victoriae,
511 513 709 604 praesentia
725 511 793 584 Dei
813 527 996 605 conspecta
1012 515 1051 584 in
1099 516 1325 586 bernetoress
1350 539 1424 586 esse
1444 514 1568 605 Iacob,
1602 533 1636 591 et
1657 524 1864 614 comprobat
1880 521 1953 596 bos
1967 525 2095 612 cultus,

74 615 217 708 ipsam
239 609 531 700 libationibus,
559 614 721 686 collectio
734 612 931 702 Ecclesise3
960 641 1050 710 quae
1100 639 1189 710 quos
1205 611 1390 687 Abrabam
1404 641 1445 688 cs
1458 643 1544 690 voce
1558 621 1681 692 divina
1695 625 1882 712 didicerat,
1906 627 2097 718 dequibus

73 717 156 788 dieta
170 728 203 786 et
216 713 372 807 exempla
386 737 453 786 noe
466 714 640 802 erodunt,
666 729 701 787 et
713 717 818 786 tidem
832 718 1052 803 confirment,
1099 716 1271 810 scriptum
1293 731 1384 789 erat:
1417 721 1568 792 credidit
1584 718 1766 794 Abraham
1785 727 1886 811 Deo,
1917 741 1951 801 et
1975 729 2095 820 impu-

72 841 150 912 quac
164 816 310 888 virtutes
330 815 522 888 imitandae
537 817 621 892 sint.
668 815 739 888 Per
753 812 840 890 baec
853 820 966 911 capita
983 821 1051 889 du·
1098 819 1170 890 tata
1186 833 1238 889 est
1253 820 1284 888 ei
1300 819 1451 895 iusticia.
1500 820 1604 892 Unde
1618 825 1750 896 sciebat
1767 844 1802 900 et
1817 827 1933 911 iacob,
1959 831 2096 903 cultum

71 933 135 990 ctae
155 931 235 988 suut
251 913 423 990 historiae
438 917 661 1010 sopemorum
679 919 855 991 librorum
871 923 916 990 de
933 918 1049 990 Adam
1098 918 1166 990 Dei
1183 921 1409 1012 praecipuum
1427 944 1501 992 esse
1514 915 1606 993 hane
1621 925 1737 1012 iidem,
1763 953 1834 1020 qua
1846 932 2033 1017 statuebat,
2057 953 2094 1000 se

74 1035 103 1092 et
122 1018 233 1104 Heca,
265 1021 313 1088 dc
332 1015 441 1102 Abel,
475 1013 580 1102 Seth,
614 1015 784 1104 choch,
809 1017 931 1106 Noba,
956 1020 1051 1106 Sem,
1098 1020 1175 1092 Deo
1201 1035 1347 1113 propter
1368 1017 1465 1092 hunc
1485 1025 1713 1096 mediatorem
1738 1029 1893 1118 placere,
1921 1055 2001 1102 nou
2010 1055 2095 1122 pro-

74 1116 258 1206 abacista,
285 1115 399 1204 Ioth,
425 1117 537 1204 lsase3
570 1115 698 1192 hrum
714 1122 876 1193 omnium
889 1123 1048 1193 doctrina
1098 1135 1179 1214 pter
1198 1123 1378 1214 propriam
1397 1123 1626 1214 dignitatem,
1658 1139 1750 1198 etse
1772 1151 1834 1220 per
1850 1126 1946 1202 hunc
1960 1133 2095 1202 media-

72 1225 178 1292 cadem
198 1235 250 1292 est
270 1223 314 1292 de
329 1219 409 1292 Deo
427 1221 631 1308 conditore,
662 1224 709 1292 de
730 1247 849 1293 recum
863 1225 1050 1308 creatione,
1099 1236 1210 1294 torem
1225 1225 1433 1312 gubernari,
1459 1237 1512 1310 et,
1537 1227 1672 1306 abolito
1685 1245 1825 1320 peccato
1838 1247 1872 1303 et
1887 1248 2013 1318 morte,
2038 1257 2095 1302 re-

72 1325 211 1414 delapsu
224 1323 422 1416 primoum
436 1333 636 1414 parentum,
658 1325 907 1414 depeccstoin
922 1345 1050 1416 genere
1098 1323 1197 1396 stitui
1216 1339 1363 1418 propter
1383 1349 1482 1411 eum,
1507 1338 1542 1396 et
1565 1352 1629 1418 per
1650 1353 1732 1400 euru
1746 1332 1920 1404 iusticiam
1936 1349 1970 1406 et
1985 1335 2095 1405 vitam

71 1419 233 1511 humano,
261 1426 306 1494 de
329 1421 404 1514 lege
420 1419 507 1510 Dei,
538 1425 583 1496 de
604 1426 840 1517 promissione
865 1441 900 1498 et
915 1430 959 1498 de
973 1449 1050 1496 me
1098 1439 1289 1500 aeternam.
1341 1425 1432 1498 Nam
1450 1429 1494 1498 ad
1510 1431 1797 1518 promissionem,
1823 1458 1930 1527 quam
1946 1447 1982 1506 et
1997 1449 2097 1526 pater

71 1527 212 1610 diatore,
237 1525 282 1596 de
298 1527 428 1616 grstia,
451 1527 497 1596 de
515 1527 724 1596 remissione
739 1541 979 1618 peccatoram,
1005 1531 1050 1596 de
1099 1527 1220 1617 etipse
1241 1527 1446 1613 audierant,
1485 1529 1651 1618 iungebat
1674 1557 1796 1604 vocem
1824 1535 1940 1606 illam:
1975 1559 2096 1606 semen

69 1627 144 1711 lide,
168 1627 211 1700 de
230 1651 311 1698 vera
327 1625 569 1711 invocatione,
593 1629 744 1698 denova
758 1629 981 1713 obedientia,
1006 1631 1049 1698 de
1099 1627 1259 1698 mulieris
1280 1629 1501 1702 conuslcsbit
1520 1646 1729 1722 serpentem.
1779 1632 1882 1706 Hanc
1906 1637 2097 1708 confessio-

70 1727 233 1813 Ecclesia,
258 1729 442 1813 decruce,
467 1729 512 1798 de
529 1743 679 1800 venturo
696 1729 841 1802 iudicio.
893 1729 964 1804 Sed
985 1753 1050 1799 vo-
1098 1743 1296 1800 uemsonst
1313 1730 1407 1822 ipse,
1432 1755 1513 1813 cum
1527 1733 1660 1834 inquit:
1689 1735 1871 1806 benedicat
1889 1738 2005 1826 pueris
2021 1738 2098 1807 istis

71 1831 211 1900 cationes
232 1828 734 1919 etnegotiadissimiliasuut.
784 1825 887 1901 Naba
904 1845 1051 1902 vocatur
1099 1827 1196 1900 Deus
1218 1845 1359 1923 patrum
1385 1853 1568 1914 meorum,
1594 1831 1761 1906 Abrabae
1783 1835 1943 1924 etlsaac,
1969 1839 2097 1910 etAn-

69 1934 107 2002 ad
136 1929 321 2002 serrsndss
351 1929 521 2024 reliquias
549 1928 728 2002 Ecclesiae
759 1929 799 2000 in
823 1933 980 2016 diluvio,
1014 1947 1050 2002 et
1097 1932 1215 2021 gelus,
1237 1933 1299 2025 qui
1319 1933 1450 2024 eripuit
1468 1937 1764 2006 meexomnibus
1780 1939 1901 2024 malis,
1927 1953 2097 2014 ernosto

68 2034 183 2104 deinde
199 2033 245 2104 ad
261 2032 552 2102 instaurationem
569 2033 608 2106 iu
624 2032 838 2124 posteritate.
889 2031 1048 2124 Dissipa-
1098 2045 1237 2102 aeterua
1262 2046 1296 2101 et
1317 2033 1397 2102 aliis
1423 2034 1692 2112 calamitatibus.
1743 2037 1816 2108 Nec
1840 2064 1922 2110 vero
1946 2041 2096 2112 dubium

67 2135 107 2206 tis
131 2159 212 2204 vero
235 2133 382 2225 posteris
407 2125 550 2218 Nohae,
589 2155 670 2204 cum
693 2134 765 2204 iam
789 2131 1048 2229 Babylonicum
1098 2145 1169 2218 est,
1202 2129 1298 2204 branc
1317 2133 1502 2222 angelum,
1538 2135 1640 2206 cuius
1663 2133 1721 2207 hic
1743 2139 1781 2210 fit
1801 2141 1954 2224 mentio,
1981 2141 2096 2214 filium

68 2233 248 2328 imperium
265 2229 472 2306 inchoatum
488 2249 596 2320 essu,
621 2247 656 2306 et
670 2236 837 2306 tenebrae
853 2235 946 2307 inter
962 2259 1049 2325 gen-
1097 2233 1165 2306 Dei
1189 2257 1278 2318 esse,
1303 2257 1408 2328 quem
1431 2250 1534 2306 norat
1554 2238 1648 2308 mitti
1667 2241 1710 2308 ad
1725 2235 1939 2328 Ecclesiam,
1964 2256 2096 2314 uteam

68 2349 113 2408 tes
128 2350 340 2420 crescerent,
364 2332 462 2406 Deus
473 2359 565 2406 nova
581 2336 768 2408 vocatione
782 2331 976 2408 Ecclesiam
992 2337 1049 2406 in·
1097 2337 1288 2424 gubernet,
1317 2350 1490 2426 protegat,
1526 2337 1652 2410 liberet
1674 2363 1693 2408 a
1718 2357 1859 2430 peccato
1880 2356 1951 2414 eta
1970 2359 2095 2416 morte.

67 2451 195 2523 auocat,
211 2437 361 2529 repetita
376 2435 612 2529 promissione
626 2451 661 2509 et
675 2439 797 2508 addito
810 2439 884 2511 ritu
898 2439 1049 2508 circum·
1097 2435 1194 2508 Hace
1211 2437 1377 2508 beneficia
1394 2461 1468 2506 non
1485 2453 1637 2528 praestat
1651 2441 1762 2512 ullius
1778 2458 1956 2514 creaturae
1968 2459 2096 2537 poten-

67 2539 216 2625 cisiouis,
246 2553 288 2610 ut
303 2540 484 2610 mentione
499 2539 574 2630 ipsa
598 2540 748 2610 membri
771 2541 1050 2612 admonerentur
1099 2539 1165 2624 tia,
1189 2541 1249 2608 sed
1275 2538 1368 2610 filius
1381 2535 1449 2608 Dei
1473 2535 1614 2612 exhibet
1635 2567 1674 2612 ea
1691 2539 1879 2615 Ecclesiae.
1930 2545 2004 2621 Nee
2027 2549 2096 2616 du·

67 2635 217 2712 homines
237 2642 283 2710 de
297 2653 447 2710 venturo
464 2641 609 2714 semine.
659 2637 868 2712 Doctrinam
882 2641 990 2731 igitur
1003 2641 1048 2712 ab
1098 2639 1198 2710 bium
1220 2652 1289 2724 est,
1315 2641 1360 2710 de
1382 2633 1451 2710 hoc
1466 2637 1622 2712 Domino
1645 2645 1850 2715 restituente
1870 2647 2047 2718 iusticiam
2061 2659 2096 2716 et

66 2739 236 2814 Abraham
255 2755 430 2832 acceptam
448 2755 576 2814 sonant
592 2739 689 2812 lsasc
706 2755 742 2814 et
758 2739 876 2814 iacob.
1097 2740 1206 2810 vitam
1220 2753 1397 2810 aeternam
1409 2741 1626 2825 concionari,
1650 2767 1731 2814 eum
1748 2745 1841 2816 inira
1857 2747 1991 2842 iuquit:
2018 2745 2095 2834 Do-

155 2841 230 2914 lam
254 2844 292 2912 in
315 2837 381 2912 hac
403 2837 552 2916 historia
575 2844 724 2933 cogites,
749 2857 923 2936 qsaaruum
940 2839 1049 2912 decus
1097 2863 1163 2912 nec
1181 2840 1407 2928 venietSilo,
1432 2855 1467 2912 et
1489 2843 1533 2912 ad
1549 2867 1632 2914 eum
1645 2857 1765 2934 gentes
1777 2851 2096 2939 congregabuntur.

63 2945 173 3029 fuerit,
196 2957 330 3038 quaou
352 2943 420 3034 piis
437 2945 677 3029 confirmatio,
703 2946 800 3040 quod
816 2945 941 3014 eodem
955 2954 1048 3012 tem·
1095 2937 1174 3014 Etsi
1194 2955 1311 3012 autem
1326 2965 1457 3014 nomen
1474 2938 1559 3012 Silo
1574 2946 1637 3015 alii
1651 2947 1754 3018 aliter
1768 2949 1988 3040 interpretati
2001 2963 2096 3034 sunt,

64 3067 137 3134 pore
152 3047 190 3116 in
204 3045 332 3115 vicinis
348 3045 436 3114 locis
450 3069 522 3115 una
537 3046 721 3128 vixerunt,
747 3058 782 3117 et
798 3068 901 3137 saepe
917 3067 1048 3114 conve-
1097 3055 1216 3114 tamen
1231 3066 1381 3136 sequeus
1397 3045 1568 3135 particula
1586 3047 1771 3118 manifeste
1786 3051 1962 3136 ostendit,
1987 3051 2095 3127 intel-

64 3160 180 3217 nemnt
204 3147 250 3216 ad
273 3147 544 3237 explicationem
566 3149 749 3218 doctrinae
774 3149 867 3218 etad
885 3157 1047 3214 mutuam
1096 3142 1159 3234 ligi
1182 3145 1329 3230 ducem,
1354 3147 1416 3240 qui
1442 3145 1546 3218 etiam
1569 3163 1690 3238 gentes
1709 3149 1755 3220 ad
1778 3147 1894 3221 Deum
1917 3153 2094 3244 placatum

65 3249 328 3318 maculationem
367 3246 470 3330 Sem,
512 3247 575 3341 qui
614 3246 795 3320 nominari
828 3246 1047 3316 existimatur
1096 3245 1340 3334 congregabit,
1365 3247 1429 3341 qui
1442 3248 1665 3320 conculcabit
1680 3263 1785 3342 caput
1799 3255 1982 3344 serpentis,
2006 3255 2095 3325 abo·

64 3345 332 3433 Melchisedech,
357 3344 559 3434 Abrabam,
584 3347 698 3436 isaac,
722 3347 802 3422 Res
823 3340 1046 3420 Abimelech.
1096 3343 1183 3416 lebit
1199 3359 1378 3437 peecatum
1396 3361 1433 3420 et
1448 3365 1611 3424 nortem.
1642 3347 1799 3424 Etrecte
1814 3355 1977 3428 existimo
1991 3355 2094 3426 reddi

63 3444 103 3519 Et
121 3473 323 3548 quanquam
345 3471 485 3540 seraper
504 3446 683 3522 Ecclesiae
703 3451 897 3522 multitudo
926 3447 1046 3516 minor
1096 3447 1307 3518 vocabulum
1326 3443 1411 3519 Silo
1434 3446 1818 3542 appellationefsatmis
1842 3467 1877 3526 et
1900 3457 2094 3528 salvatoris.

64 3565 121 3636 est,
150 3575 259 3646 quam
282 3550 440 3641 gratim
462 3551 672 3642 impiarum,
704 3565 822 3622 tamen
844 3551 915 3620 illis
937 3547 1045 3621 tantis
1095 3545 1178 3634 Nee,
1194 3549 1351 3620 insuavis
1366 3565 1417 3621 est
1432 3553 1644 3645 etymologia
1663 3549 1813 3636 Ebraeip
1826 3569 1928 3641 nota,
1953 3559 2016 3652 qui
2034 3557 2094 3626 in-

61 3653 253 3724 doctoribus
268 3674 340 3722 non
356 3652 470 3722 deluit
481 3653 671 3724 mediocris
681 3653 892 3747 frequentia.
942 3647 1045 3720 Sem-
1094 3661 1334 3742 terpretantur
1349 3645 1463 3722 Siloh
1484 3652 1619 3724 foetum
1642 3653 1739 3739 cius,
1773 3657 1939 3728 videlieet
1958 3655 2094 3742 mauis,

61 3775 114 3841 per
132 3755 227 3824 enim
250 3751 348 3824 Deus
364 3755 442 3824 vult
461 3750 654 3824 Ecclesiam
676 3754 836 3826 exaudiri
858 3754 896 3822 in
917 3773 1044 3842 genere
1094 3765 1135 3822 ot
1156 3766 1329 3842 congruat
1349 3756 1393 3824 ad
1414 3755 1566 3826 dietum:
1591 3777 1712 3826 semen
1730 3757 2092 3830 mulieriseoneulca—
2191 3829 2195 3838 ,

61 3847 225 3941 humano,
263 3868 305 3926 ut
328 3854 422 3924 iilius
442 3871 671 3943 agnoscatur,
702 3870 737 3927 et
757 3871 799 3928 ut
822 3877 903 3947 pars
923 3853 1042 3946 eliqua
1094 3853 1147 3923 bit
1169 3865 1273 3943 caput
1296 3855 1479 3944 serpentis.
1529 3851 1576 3926 Et
1597 3855 1735 3944 insigne
1757 3872 1807 3928 est
1819 3852 1952 3954 κόρων
1967 3857 2092 3952 αὐτῆς.

60 3960 183 4042 meris
205 3953 354 4027 humani
370 3957 431 4026 fiet
447 3951 570 4026 haeres
584 3958 744 4028 eoelestis
760 3957 905 4048 gloriae.
957 3957 1042 4024 ldco
1093 3951 1163 4023 Hie
1185 3954 1280 4024 lilius
1295 3954 1359 4024 Dei
1381 3957 1525 4026 assumit
1541 3952 1733 4026 humanam
1749 3973 1912 4032 naturam
1930 3959 2086 4032 imbesil-

61 4059 196 4132 collocat
212 4080 291 4128 eam
314 4057 412 4129 velut
428 4058 467 4126 iu
482 4057 573 4126 celsa
585 4078 681 4153 erec,
706 4074 747 4130 ut
759 4057 917 4150 conspici
932 4068 968 4126 et
981 4079 1041 4124 ert-
1092 4055 1180 4138 lem,
1212 4079 1303 4146 quae
1322 4057 1472 4128 sustinet
1495 4058 1658 4151 ingentes
1679 4059 1837 4148 dolores,
1869 4063 1957 4132 iram
1975 4059 2042 4134 Dei
2057 4076 2093 4134 et

60 4161 163 4230 aedui
194 4158 324 4254 possit,
358 4171 393 4228 et
424 4159 638 4228 mediocrem
671 4161 904 4252 frequentiam
931 4157 1041 4236 addit,
1093 4169 1252 4239 mortem,
1278 4170 1314 4230 et
1328 4161 1540 4246 pendensin
1557 4163 1897 4234 cruceestdeferme
1912 4178 1947 4239 et
1963 4186 2091 4236 eruest-

61 4283 137 4348 quae
156 4263 203 4334 sit
224 4259 407 4331 doetrinae
427 4260 543 4344 testis,
575 4271 611 4329 et
625 4259 773 4350 accipiat
790 4257 958 4328 beneficia
975 4256 1039 4325 filii
1092 4269 1167 4326 tum
1176 4247 1319 4352 χόριον.
1344 4251 1393 4330 Εῑ
1406 4275 1525 4331 tamen
1538 4283 1579 4332 es
1591 4264 1904 4334 mortereviviseit.
1931 4263 1972 4332 ln
1987 4265 2091 4334 nobis

59 4353 133 4443 Dei,
157 4387 263 4456 quem
279 4383 353 4431 non
368 4361 500 4430 frustra
515 4361 615 4430 misit·
623 4375 787 4433 caereus
802 4373 912 4452 pater.
1091 4379 1175 4426 orso
1193 4373 1319 4428 natura
1333 4358 1685 4454 immundapcorms
1693 4377 1743 4432 est
1759 4365 1945 4433 sordidum
1960 4379 1995 4436 et
2009 4366 2090 4458 pol-

146 4463 268 4551 Quare
286 4477 321 4532 et
335 4461 373 4530 in
389 4457 454 4532 bac
469 4457 615 4532 historia
633 4459 738 4533 iacob
753 4463 938 4555 praecipue
952 4481 1039 4528 con·
1090 4459 1207 4528 lutum
1222 4452 1355 4554 χόριον
1370 4479 1519 4554 peccato.
1571 4463 1643 4536 sed
1658 4485 1738 4534 cum
1755 4463 1829 4554 ipse
1843 4459 1911 4534 hoc
1925 4479 2088 4536 nostmm

58 4563 218 4635 sideretur
232 4583 342 4654 mnus
355 4561 548 4648 doetrinae,
575 4565 670 4657 quod
684 4565 836 4635 subinde
850 4560 1038 4652 repetitum
1087 4553 1229 4656 χόριον·
1241 4561 1380 4648 induit,
1408 4586 1489 4634 com
1510 4585 1577 4634 nos
1597 4585 1683 4634 voce
1697 4557 1885 4655 Evangelii
1899 4580 1934 4638 et
1948 4566 2088 4659 Spiritu

60 4677 113 4736 est.
168 4665 258 4736 Nam
282 4679 315 4734 ct
336 4665 410 4756 ipse
430 4661 526 4734 Deus
549 4679 646 4736 stans
669 4665 708 4734 iu
729 4667 822 4736 scala
847 4666 885 4734 iu
899 4657 1038 4747 Bctbel,
1089 4685 1154 4732 suo
1177 4675 1298 4732 sancto
1322 4663 1493 4746 vivificat,
1526 4665 1566 4734 fit
1586 4659 1672 4734 haec
1694 4665 1797 4756 pellis
1820 4668 1992 4760 templum
2008 4667 2088 4754 Dei,

59 4765 230 4860 alloquens
254 4765 358 4836 iacob
377 4765 539 4836 adiinnat
562 4789 680 4851 nune,
714 4792 795 4837 vere
818 4789 892 4836 csse
910 4762 1037 4848 Deum,
1090 4763 1345 4834 u-tiseeacma
1362 4779 1500 4855 peccato
1515 4780 1548 4836 et
1565 4779 1689 4836 morto.

58 4867 112 4956 qui
132 4891 166 4938 se
189 4869 352 4959 patefecit
374 4861 540 4936 Abrahae
562 4883 597 4938 et
616 4870 889 4958 promissionem
912 4867 1034 4962 edidit„
1088 4909 1093 4919 »
1191 4863 1262 4935 Sed
1278 4863 1317 4932 in
1332 4859 1397 4935 hac
1412 4865 1487 4956 ipsa
1502 4867 1725 4939 mercatione
1740 4862 1905 4946 Lutlseri
1918 4866 1985 4944 irae
1998 4893 2087 4944 eon-

56 4961 141 5038 llaec
163 4971 288 5038 iisdem
313 4969 430 5038 verbis
451 4967 505 5037 ibi
528 4971 674 5058 repetita
691 4983 753 5043 est.
804 4966 911 5040 Hunc
925 4968 1037 5054 igitur
1087 4965 1207 5036 ciones
1221 4963 1466 5036 omncslacob
1482 4981 1516 5038 et
1532 4967 1682 5038 aliorum
1700 4971 1839 5061 copiose
1854 4974 2086 5063 explicantur.
2234 5017 2239 5024 ·

57 5089 167 5139 rerum
181 5071 295 5142 Deum
318 5069 396 5139 vult
412 5069 554 5158 agnosci
577 5083 613 5140 et
636 5069 812 5154 bromii,
833 5073 906 5163 *qui
924 5069 1035 5140 edidit
1088 5065 1184 5136 Haec
1200 5087 1243 5136 eo
1261 5079 1397 5136 tantum
1416 5071 1578 5148 recitavi,
1609 5083 1649 5140 ut
1666 5070 1704 5138 in
1722 5073 1897 5142 vestibulo
1914 5077 2085 5144 mmdcc-

56 5173 331 5258 pmmissioncm,
359 5181 394 5240 et
417 5170 494 5241 vult
509 5172 668 5262 conspici
681 5173 928 5255 mediatorem,
957 5170 1035 5240 vult
1087 5188 1162 5238 rem
1183 5166 1356 5249 iuniores,
1383 5170 1422 5238 in
1438 5165 1494 5242 his
1510 5166 1666 5242 historiis
1681 5195 1755 5241 non
1771 5185 1909 5244 mutiam
1926 5177 2084 5268 exempla

56 5269 170 5342 fiducia
192 5273 396 5343 mediatoris
416 5271 526 5360 accipi
544 5272 786 5342 remissionem
812 5285 1033 5361 peccatorum
1087 5270 1180 5340 vitae
1209 5271 1454 5340 oeconomicae
1485 5285 1546 5342 arrt
1574 5271 1740 5360 politicae
1769 5279 1969 5366 quaerenda
2000 5299 2085 5364 esse,

58 5385 87 5442 et
101 5375 415 5445 reconciliationem
431 5387 575 5468 propter
588 5373 723 5465 ipsum,
747 5375 824 5444 vult
839 5372 921 5444 seiri
937 5367 1032 5444 hunc
1086 5373 1146 5440 sed
1171 5371 1357 5464 praecipue
1377 5395 1486 5462 mnus
1509 5373 1691 5444 doetrinae
1712 5387 1746 5444 et
1771 5399 1981 5449 corrsrnsum
2009 5381 2081 5470 pri-
