4670 5808
213 225 291 308 sn
717 271 723 284 ‚
783 203 1222 302 wiswilltttltl
1274 211 1492 302 linxit.
1547 216 1677 302 tude.
1945 301 1953 310 ,
2186 217 2260 302 teu

217 431 303 482 mur
315 401 542 480 bancvocem
558 393 730 483 divinam,
753 415 789 472 et
805 373 1085 472 constantissime
1100 397 1215 489 fngtss
1266 393 1448 482 sessiones,
1462 391 1767 492 quibusdeinceps
1781 393 1833 489 pii
1850 397 1889 468 iu
1904 387 2158 470 certaminibus
2174 399 2261 490 dog-

218 535 300 584 mus
323 526 357 582 et
381 529 584 580 exueremur
606 499 767 576 ethnicos
788 503 944 586 furores,
977 522 1129 594 quorum
1154 499 1216 568 alii
1268 502 1401 568 mat'um
1430 497 1695 570 confirmentur.
1761 497 1882 588 Quare
1912 501 2091 607 gratimdo
2113 501 2261 574 debetur

219 615 398 684 finxertmt
425 636 467 681 ex
493 607 618 680 atomis
649 627 730 676 casu
754 605 963 676 confluxisse
986 601 1113 672 muudi
1135 623 1237 670 cor··
1268 597 1354 670 viris
1378 600 1590 670 doctissimis
1614 614 1648 670 et
1670 599 1929 690 integerrimis,
1959 603 2022 696 qui
2043 605 2178 695 optima
2194 605 2260 674 fide

216 739 326 810 pora,
366 725 401 784 et
429 709 706 782 innumerabiles
737 708 893 792 mundos
923 705 1031 792 baisse
1063 717 1097 773 et
1129 703 1216 784 lore,
1268 725 1347 772 cum
1369 701 1457 772 alias
1481 702 1741 818 enarrationps,
1773 715 1849 772 turn
1865 725 1951 772 vero
1969 699 2033 786 has
2048 703 2088 776 in
2106 705 2259 798 primum

91 835 110 864 ²
217 831 254 888 et
270 819 425 888 diversas
439 830 559 884 rerum
577 815 748 896 naturds.·
771 807 844 880 Alii
861 803 924 879 etsi
940 802 1216 899 haecltyclupica
1268 803 1401 872 librum
1416 801 1541 887 Moisi,
1567 825 1671 896 quem
1687 803 1873 894 praecipue
1887 819 2011 874 notum
2027 829 2101 878 esse
2113 824 2261 898 oportet,

220 919 313 990 dicta
335 919 485 1010 probare
502 937 576 984 non
590 915 740 992 audent,
766 923 802 982 et
814 923 990 1004 quaerunt
1006 905 1216 977 concinnio-
1267 905 1472 974 ediderunt:
1496 901 1652 996 Caspsro
1667 895 1887 996 Cruct'gsrn,
1909 903 2071 998 Georgia
2083 902 2261 988 Rorario,

218 1045 278 1102 ra,
304 1033 421 1090 tarnen
443 1029 484 1090 ut
503 1013 599 1087 coeci
620 1013 744 1106 procul
766 1037 785 1082 a
803 1013 949 1082 veritate
966 1011 1150 1091 aberrant,
1175 1029 1215 1074 ec
1269 1003 1352 1074 Vito
1367 997 1563 1074 Theodoro
1576 1004 1840 1096 Noribergeusi,
1862 1005 2084 1102 Hieronymo
2098 1007 2262 1082 Beseldo

220 1135 330 1195 tetros
353 1141 490 1190 errores
511 1139 550 1188 ac
575 1117 614 1185 in
638 1113 754 1184 Deum
776 1111 1049 1184 contumeliosos
1075 1108 1216 1197 excogi·
1268 1105 1528 1196 Noribergensi.
1587 1105 1678 1177 Nam
1702 1120 1781 1198 post
1804 1104 2087 1182 Vitineodori
2109 1127 2261 1184 mortem

219 1238 360 1310 terunt,
392 1237 434 1293 ut
448 1219 559 1292 Stoici
582 1219 740 1307 lingunt,
773 1239 818 1284 ne
841 1235 942 1310 posse
966 1213 1110 1306 quidem
1127 1210 1216 1279 alios
1268 1203 1374 1278 huius
1389 1208 1543 1292 laboris,
1574 1223 1614 1280 ut
1632 1209 1680 1278 ita
1694 1209 1829 1294 dicam,
1860 1203 1984 1280 haeres
2000 1213 2068 1283 luit
2082 1211 2260 1308 Hierony·

218 1343 338 1398 motus
359 1326 450 1394 ciere
465 1321 598 1406 Deum,
623 1341 730 1413 quam
751 1340 821 1410 quo
838 1317 976 1407 rapitur
987 1315 1124 1404 impetu
1139 1335 1216 1378 ma·
1269 1331 1365 1394 mus,
1391 1307 1452 1402 qui
1479 1311 1571 1380 bona
1593 1309 1661 1379 lide
1680 1323 1819 1380 secutus
1834 1326 1886 1382 est
1901 1314 2058 1406 exempla
2073 1307 2264 1407 Crucsgeri

221 1429 346 1512 teriae,
387 1447 426 1496 ac
455 1421 603 1516 perinde
627 1442 705 1490 eam
727 1443 867 1490 eausam
889 1438 961 1487 esse
985 1411 1214 1484 horribilium
1268 1403 1479 1481 etRorarc'i
1498 1411 1664 1482 manibus
1685 1411 1834 1504 scripta,
1869 1435 1950 1486 cum
1972 1416 2103 1508 quibus
2120 1417 2214 1488 vidit
2230 1431 2262 1488 et

223 1529 409 1612 scelerum,
441 1539 483 1596 ut
504 1527 679 1594 bonarum
701 1522 891 1594 actionum.
953 1513 1118 1610 Denique
1137 1537 1216 1581 ma·
1268 1536 1329 1582 sua
1360 1535 1470 1582 manu
1501 1513 1671 1605 scripturn
1704 1525 1741 1582 et
1770 1513 1919 1583 alterum
1955 1515 2125 1610 scriptum
2153 1543 2262 1588 manu

223 1655 331 1724 gnum
359 1625 464 1700 chaos
489 1639 541 1696 est
561 1647 720 1694 errorum
744 1637 840 1692 extra
864 1610 1058 1690 Ecclesiam
1082 1613 1151 1686 net
1171 1617 1215 1684 de
1269 1608 1413 1684 loannis
1428 1609 1572 1696 Stolsc'i,
1594 1613 1695 1686 cuius
1709 1613 1893 1704 diligentia
1910 1629 1944 1688 et
1957 1617 2043 1689 fides
2057 1619 2187 1690 eximia
2202 1635 2262 1700 cst,

221 1733 349 1804 mundi
372 1729 491 1812 initio,
515 1729 560 1798 de
582 1740 708 1795 natura
729 1721 903 1802 hominis,
927 1721 971 1788 de
993 1717 1216 1809 providentia
1268 1737 1471 1806 congruere.

222 1835 363 1918 divina,
398 1833 565 1901 derauso
587 1827 692 1907 mali,
725 1829 769 1895 de
794 1827 862 1894 line
889 1819 1056 1892 hominis.
1115 1818 1215 1888 Sitne
1372 1817 1444 1886 lam
1463 1815 1590 1887 ordine
1605 1815 1864 1910 contempletur
1879 1817 1990 1892 lector
2005 1821 2206 1892 doctrinam
2221 1825 2264 1892 de

220 1933 329 2006 bomo
349 1949 488 2004 tanturn
512 1934 556 1999 ad
581 1924 673 1997 hanc
700 1927 882 1997 mortalem
904 1923 1013 1994 vitam
1039 1921 1215 1998 conditus,
1267 1915 1343 1988 Deo
1367 1921 1570 2002 conditore,
1602 1920 1646 1987 de
1670 1921 1798 1990 mundi
1822 1921 1986 2008 exordio,
2021 1923 2066 1992 de
2085 1925 2264 1996 creatione

222 2039 313 2108 sitne
338 2033 550 2127 expectanda
577 2031 646 2101 alia
671 2031 760 2108 vita,
802 2029 840 2096 in
863 2049 931 2120 qua
956 2023 1146 2092 discrimen
1169 2019 1215 2090 sit
1267 2013 1473 2106 bominum,
1504 2021 1548 2090 de
1568 2019 1801 2114 patefactione
1815 2012 1884 2090 Ilei
1907 2035 1988 2094 ante
2003 2023 2143 2116 lapsum
2159 2041 2195 2096 et
2208 2027 2263 2094 in·

220 2143 383 2210 luturum
405 2137 498 2205 inter
521 2133 632 2204 iustos
654 2143 690 2200 et
709 2131 877 2214 iniustos,
906 2125 997 2196 sitne
1016 2121 1216 2194 coetussli-
1268 2117 1392 2192 choata
1406 2115 1575 2196 Ecclesia.
1624 2115 1765 2191 Deinde
1777 2123 1821 2190 de
1836 2123 1955 2214 lapsu,
1980 2127 2026 2196 de
2040 2127 2263 2198 restitutione

221 2241 301 2336 quis
315 2241 352 2309 in
366 2251 463 2308 tanta
476 2235 644 2306 varietate
659 2231 869 2324 opinionum
886 2239 921 2298 et
934 2247 1085 2310 morum,
1109 2244 1216 2318 quem
1268 2217 1441 2306 hominis,
1473 2223 1512 2290 in
1537 2247 1606 2318 qua
1621 2215 1718 2293 Deus
1741 2247 1864 2294 rursus
1884 2245 1922 2294 se
1936 2227 2118 2318 patefecit,
2153 2230 2264 2300 edidit

221 2357 355 2414 sermm
380 2341 425 2413 sit
449 2337 587 2430 placere
601 2333 689 2408 Deo.
748 2326 1216 2422 Quomodoiscoetuscol-
1268 2320 1539 2416 promissionem
1562 2323 1606 2393 de
1625 2335 1774 2415 ventura
1795 2325 2004 2399 liberatione
2016 2321 2214 2399 'hominum
2232 2343 2263 2400 et

218 2441 352 2534 ligatur
371 2455 405 2512 et
426 2441 648 2510 discernatur
669 2459 689 2504 a
711 2435 856 2505 caeteris
874 2427 1100 2512 bominibus,
1124 2451 1216 2519 quae
1268 2429 1312 2495 de
1335 2426 1574 2496 conculcando
1590 2421 1775 2510 Dracone,
1797 2419 1843 2497 'et
1863 2452 1984 2498 rursus
2006 2429 2179 2504 immensa
2196 2433 2264 2499 mi.

222 2547 337 2616 officia
367 2544 494 2636 probet
517 2539 625 2611 Deus.
691 2535 793 2608 Sitne
825 2533 966 2627 reliqua·
992 2541 1064 2601 tana
1090 2525 1215 2619 ingens
1268 2527 1457 2596 sericordia
1476 2526 1636 2598 condidit
1652 2521 1864 2610 Ecclesiam,
1896 2542 1931 2600 et
1954 2553 1995 2600 ex
2017 2531 2135 2601 media
2151 2549 2265 2604 morte

222 2647 423 2718 multitudo·
433 2638 558 2712 reiecta
576 2663 598 2708 a
613 2632 700 2710 Deo.
1268 2629 1402 2720 primos
1426 2642 1586 2716 parentes
1607 2628 1729 2704 erexit.
1778 2625 1918 2698 Deinde
1938 2632 2144 2714 considera,
2174 2659 2265 2727 qnae

321 2745 376 2816 De
391 2743 447 2814 his
462 2743 570 2814 tantis
585 2743 690 2810 rebus
703 2735 897 2807 necessaria
912 2733 1072 2804 doctrina
1087 2730 1126 2798 in
1140 2730 1214 2800 sula
1268 2743 1304 2800 et
1332 2730 1395 2798 ubi
1426 2730 1535 2800 suerit
1558 2725 1716 2800 Ecclesia
1737 2729 1823 2814 Dei,
1856 2732 2040 2813 videlicet,
2073 2757 2167 2828 quae
2195 2737 2264 2805 suit

218 2845 376 2920 Ecclesia
393 2845 460 2916 Dei
478 2843 699 2936 proponitur.
750 2835 798 2908 Et
813 2837 928 2906 sontes
942 2848 1026 2904 sunt
1043 2835 1081 2901 iu
1095 2832 1214 2922 primo
1268 2844 1383 2901 custos
1403 2830 1516 2904 editae
1536 2829 1782 2921 promissionis
1807 2833 1851 2899 de
1873 2846 2021 2905 ventura
2041 2835 2207 2917 uictima,
2232 2853 2265 2908 et

219 2953 313 3020 libro
329 2946 452 3032 Moisi,
501 2970 565 3015 uos
579 2954 718 3034 oportet
730 2939 897 3009 omnibus
913 2935 1117 3007 notissimos
1132 2957 1216 3016 esse,
1268 2931 1427 3000 discente
1449 2932 1617 3020 legemet
1637 2925 1729 3000 hauc
1749 2931 2039 3022 promissionem,
2064 2949 2265 3026 etaguosce

205 3053 305 3148 'quia
333 3052 372 3118 iu
399 3049 556 3144 qualebet
584 3043 746 3115 doctrina
776 3039 970 3133 plurimum
993 3037 1101 3106 refert
1122 3047 1216 3102 recte
1268 3029 1336 3103 hoc
1367 3033 1608 3105 tristissimum
1639 3032 1828 3106 dissidium
1861 3033 1900 3102 iu
1932 3055 2060 3128 genere
2092 3031 2265 3123 humano,

217 3175 429 3242 cognoscere
460 3146 561 3218 initia
592 3159 627 3215 et
654 3145 787 3226 sontes,
803 3228 808 3234 „
825 3141 916 3210 sicut
940 3139 1087 3208 dicitur:
1120 3130 1215 3230 ἀρχὴ
1268 3137 1364 3228 quod
1387 3157 1525 3226 semper
1544 3135 1709 3219 fuerunt,
1738 3149 1880 3206 suntet
1905 3149 2012 3208 eruut
2037 3139 2111 3208 duo
2135 3154 2265 3221 coetus,

220 3249 336 3348 ἥμισυ
360 3248 515 3336 παντὸς,
547 3242 611 3320 aul
631 3239 783 3336 anast
797 3237 925 3335 ἥμισυ.
978 3239 1215 3310 lnstituitau-
1268 3260 1419 3328 quorum
1444 3235 1594 3304 alterum
1619 3228 1681 3304 ille
1702 3229 1777 3324 lpse
1800 3231 1893 3305 lilius
1909 3233 1998 3316 Dei.
2031 3239 2164 3332 dequo
2180 3263 2264 3332 pro-

219 3369 292 3426 tem
306 3353 405 3424 Deus
418 3351 653 3422 ministerium
668 3346 836 3429 docendi,
863 3354 992 3412 nonut
1006 3364 1140 3410 novum
1156 3361 1216 3428 ge-
1266 3337 1388 3421 missio
1411 3337 1587 3429 loquitur,
1616 3336 1813 3410 ministerio
1829 3331 2018 3429 Evangelii
2039 3341 2198 3430 colligit,
2232 3357 2263 3414 rt

219 3439 289 3528 nus
305 3453 500 3526 *doctrinae
529 3451 714 3546 quisquam
743 3447 882 3536 gignat,
921 3443 981 3513 sed
1003 3455 1044 3512 ut
1066 3439 1215 3510 lectores
1268 3462 1348 3510 vere
1362 3440 1460 3508 adest
1475 3438 1522 3522 ei,
1543 3438 1719 3528 regnstiu
1734 3459 1787 3526 eo,
1811 3440 1898 3528 tegit
1914 3455 2054 3531 peccata
2070 3465 2264 3532 spuma.

218 3555 419 3652 populo'ad
441 3557 591 3624 verbum
616 3549 764 3620 recitent
788 3543 854 3616 ltus
878 3545 973 3637 ipsos
995 3544 1108 3614 libros
1125 3539 1215 3612 Pro-
1266 3539 1513 3632 tiumipsum.
1547 3553 1588 3628 et,
1603 3539 1885 3612 accenditcorda
1900 3565 2024 3617 eorum
2039 3543 2181 3635 Spiritu
2199 3569 2263 3616 suo

219 3656 379 3753 pheticos
404 3671 438 3728 et
465 3653 707 3748 Apostolicos,
744 3662 784 3720 ut
810 3645 894 3717 iude
919 3659 1058 3716 sumant
1084 3667 1216 3730 veram,
1266 3655 1406 3726 sancto,
1429 3655 1470 3710 ut
1493 3663 1575 3709 vere
1596 3639 1765 3714 invocent
1779 3637 1895 3712 Deum
1912 3659 1946 3714 et
1963 3645 1997 3712 ei
2012 3645 2205 3730 obediant,
2230 3659 2264 3716 et

220 3785 346 3854 puram
368 3773 403 3829 et
423 3758 664 3848 incorruptam
676 3751 882 3842 ¹doctrinam
899 3749 944 3818 de
958 3744 1034 3819 Deo
1050 3761 1084 3818 et
1096 3747 1143 3816 de
1154 3767 1213 3813 sa·
1266 3744 1383 3813 reddit
1396 3742 1445 3811 eis
1461 3741 1570 3810 vitem
1585 3755 1620 3811 et
1635 3742 1784 3812 salutem
1799 3755 1989 3818 aeternam.
2027 3740 2261 3818 Altemunul-

220 3863 294 3932 lute
316 3861 454 3952 generis
475 3856 639 3941 humani3
676 3855 805 3938 deinde
828 3875 930 3935 vero,
956 3849 1038 3942 quia
1057 3845 1213 3917 rudiori·
1265 3843 1381 3914 titudo
1404 3843 1525 3932 ignara
1548 3833 1617 3913 Del
1637 3855 1783 3934 vagatur
1804 3841 1842 3913 in
1868 3845 2043 3931 tenebris,
2074 3861 2111 3918 et
2134 3852 2262 3918 ardens

220 3965 286 4033 bus
307 3985 396 4054 opus
420 3974 473 4031 est
494 3956 831 4030 commonefactioue
851 3955 895 4022 de
913 3947 1033 4042 phrasi
1046 3963 1081 4020 et
1095 3949 1139 4018 de
1154 3971 1214 4018 or·
1265 3945 1470 4028 ambitione,
1495 3940 1708 4014 libidinibus
1724 3950 1759 4015 et
1772 3943 1852 4016 aliis
1868 3945 2070 4019 errantibus
2087 3949 2262 4040 cupidita-

219 4063 304 4134 dine
337 4061 577 4131 membrorum
611 4059 651 4128 in
681 4053 853 4140 lectione,
884 4051 1136 4122 declarandum
1162 4061 1213 4119 est
1264 4045 1379 4128 tibus,
1410 4046 1605 4116 contemnit
1625 4060 1661 4116 et
1684 4047 1762 4116 odit
1783 4043 2031 4136 Evangellum.
2081 4048 2189 4120 Hanc
2207 4053 2261 4121 iu-

219 4187 329 4260 genus
344 4162 527 4246 sermonis,
554 4159 802 4229 monstrandae
818 4157 978 4244 regiones
991 4154 1211 4223 diversorum
1264 4149 1394 4218 riosam
1407 4147 1673 4218 multitudinem
1691 4147 1824 4217 diaboli
1840 4144 1991 4220 incitant
2005 4151 2178 4222 adversus
2193 4149 2261 4224 Ec·-

219 4281 527 4358 argumentorum‚
560 4273 595 4331 et
618 4259 773 4350 imperiti
792 4255 978 4327 erudiendi
994 4268 1097 4339 sunt,
1122 4275 1213 4348 quo·
1265 4249 1426 4334 cleslam,
1453 4263 1496 4320 ut
1511 4246 1601 4318 Cain
1625 4247 1800 4334 interiecit
1819 4249 1982 4332 fratrem,
2004 4235 2039 4322 et
2054 4251 2186 4324 similis
2200 4281 2261 4323 ro-

219 4374 326 4440 modo
350 4367 392 4438 ad
416 4371 518 4437 usum
535 4363 573 4432 in
589 4359 812 4432 invocatione
828 4359 915 4428 etin
933 4357 1004 4426 vita
1023 4357 1212 4425 transferre
1264 4353 1382 4424 luntas
1397 4364 1449 4422 est
1467 4351 1505 4418 in
1519 4345 1627 4419 Esau.
1819 4425 1823 4434 ¹

219 4472 409 4541 sententias
426 4480 459 4537 et
475 4467 630 4556 exempla
646 4465 807 4531 debeant.
861 4457 901 4526 ln
916 4454 983 4527 bor
997 4477 1122 4546 genere
1137 4480 1213 4524 ma·
1365 4449 1462 4522 Haec
1484 4452 1640 4540 ingentia
1659 4453 1867 4537 certamina,
1896 4475 1986 4546 quae
2002 4475 2128 4525 omnes
2144 4451 2260 4526 bomi-

217 4587 329 4660 guium
343 4585 394 4639 est
410 4571 642 4658 interpretum
657 4565 855 4635 'discrimen
893 4557 984 4629 Cum
999 4571 1114 4627 autem
1130 4549 1211 4624 Lus
1264 4574 1326 4622 nes
1346 4553 1450 4622 valde
1470 4555 1667 4634 mirantur,
1705 4551 1823 4625 statim
1845 4552 1949 4626 initio
1972 4556 2011 4624 in
2032 4558 2149 4646 prima
2176 4583 2259 4628 cou-

218 4666 317 4745 tlscn'
338 4671 532 4740 ministerio
549 4665 645 4737 Deus
658 4663 849 4736 Ecclesiam
873 4660 1135 4752 repurgaverit,
1167 4660 1210 4725 ad
1263 4656 1364 4725 cione
1380 4655 1556 4744 praedicta
1573 4668 1657 4724 sunt
1671 4649 1728 4724 hu·
1743 4655 1877 4726 verbis}
1903 4653 2033 4747 ponam
2053 4657 2259 4729 inimicitias

219 4778 316 4872 qnod
339 4797 420 4858 eum
445 4769 694 4840 excellentibus
718 4766 822 4836 donis
840 4761 1024 4846 iustruxit,
1056 4782 1122 4830 res·
1136 4759 1211 4848 ipsa
1262 4755 1357 4826 inter
1371 4774 1488 4825 semen
1504 4751 1664 4826 mulieris
1680 4760 1848 4828 et'sernen
1866 4756 2063 4848 serpentis¹
2091 4753 2259 4829 Prasmo-

218 4877 383 4960 ostendit,
403 4873 514 4965 ipsius
528 4869 767 4954 enarrationes
781 4869 884 4956 longe
898 4864 1107 4936 antecellere
1121 4862 1211 4929 aliu·
1261 4854 1378 4928 nenda
1396 4858 1497 4942 enim
1523 4849 1789 4942 eratEccles'ra,
1821 4871 1862 4929 ut
1885 4861 2006 4941 sciret,
2034 4879 2071 4928 se
2085 4876 2163 4930 non
2182 4861 2257 4930 ideo

217 5003 299 5048 rum
321 4969 732 5068 interpreturnserlptis,
766 4984 853 5060 quas
876 4967 1016 5060 quidem
1040 4979 1156 5034 extare
1177 4974 1211 5033 et
1261 4957 1391 5048 negligi
1418 4984 1438 5026 a
1464 4955 1560 5040 Deo,
1601 4958 1865 5057 quia'imperiii
1889 4954 2038 5052 potituri
2059 4957 2180 5036 esseut
2202 4961 2258 5032 alii

219 5083 261 5148 ad
287 5097 443 5170 posteros
465 5073 656 5156 transmitti
676 5067 764 5140 utile
788 5083 856 5151 est,
888 5089 961 5136 nou
979 5069 1093 5136 solum
1111 5079 1149 5134 ut
1166 5064 1209 5131 tt.
1258 5061 1523 5132 ‘contemnentes
1546 5049 1829 5162 tlo'ctt'lriam‘Ilei
1850 5076 1885 5133 et
1899 5045 2104 5157 oppressuri
2120 5053 2255 5135 coetum

217 5179 413 5251 lustrentur
424 5179 512 5248 librl
527 5170 730 5267 Prophetici
745 5167 1003 5258 etApostoliti,
1026 5170 1086 5236 sed
1103 5167 1208 5237 etiam
1230 5181 1231 5186 ’
1259 5161 1517 5232 custodientem
1542 5157 1787 5249 Evangeliuru'.
1831 5157 1904 5233 ‘Est
1929 5177 1963 5232 et
1984 5167 2255 5255 contemplanda

216 5297 257 5352 ut
278 5279 322 5348 de
346 5281 511 5348 omnibus
533 5275 691 5346 articulis
705 5287 789 5344 nota
807 5271 879 5340 sint
895 5269 963 5336 viri
976 5269 1085 5353 tanti,
1110 5269 1210 5337 cuius
1258 5264 1366 5333 series
1383 5263 1658 5351 gubernatorum
1672 5254 1869 5350 Ecclesiae,
1895 5277 1929 5334 et
1946 5260 2156 5355 desingulis
2174 5291 2256 5337 con-

217 5394 339 5477 pertus
352 5379 487 5470 Spiritu
502 5389 620 5446 sancto
635 5378 836 5464 tegebatur,
859 5370 1060 5444 testimonia
1076 5381 1109 5440 et
1123 5390 1208 5438 ron·
1257 5365 1444 5436 siderauda
1468 5361 1649 5444 doctrina,
1682 5363 1812 5434 deinde
1829 5365 2032 5437 testimonia
2049 5371 2253 5457 patefactio-
