4670 5808
208 256 282 334 stt
767 243 1203 322 EPISTULARUM
1266 245 1318 317 Ll
1329 245 1370 320 B.
1398 241 1481 320 Xll.
1534 243 1664 320 test.
2178 239 2252 316 952

218 431 286 505 bac
308 425 518 518 vita'poniti
582 420 879 508 Pre'eclpuevero
904 417 1088 486 execrandi
1125 429 1208 488 sunt
1260 416 1356 484 enim
1385 413 1519 483 utilitas
1545 409 1792 485 Aritbmetiees
1823 427 1858 486 et
1890 415 2040 487 rationis
2073 415 2253 487 misma

220 531 385 627 Epicurei
410 543 443 596 et
464 525 612 608 similes,
645 523 708 616 qui
733 517 897 590 horribili
918 522 1039 588 stertire
1064 543 1208 608 prorsus
1260 518 1397 586 Deinde
1414 541 1494 584 curn
1511 535 1627 606 partes
1642 520 1731 586 duae
1752 517 1824 584 sint
1841 518 2024 588 doctrinae
2048 517 2093 588 de
2118 519 2254 587 coeliti.

223 639 341 707 delere
365 628 509 716 vestigia
523 625 590 696 Dei
612 627 651 694 in
674 637 798 692 uatrrra
821 635 1006 694 conantur.
1060 619 1209 711 Vitupe-
1261 619 1486 688 busorbibus
1510 617 1696 702 cistellis,
1722 617 1831 688 altera
1854 619 1899 686 de
1920 631 2083 693 motuum
2107 621 2255 709 legibue,

224 737 328 808 randi
348 747 383 802 et
405 733 485 814 olii,
510 729 571 820 qui
593 751 650 794 eas
674 739 765 796 artes
787 724 991 812 negligunt,
1015 722 1053 788 in
1080 722 1210 813 quibus
1260 721 1367 788 altera
1393 718 1721 798 aeruscatoribus,
1748 719 1894 791 evidens
1919 721 2053 793 utilitas
2072 736 2124 789 est
2142 723 2254 802 scien-

224 841 447 908 illustrantur
462 829 663 901 testimonia
683 830 727 896 de
748 825 843 904 Deo,
870 825 1052 905 videlicet,
1077 824 1211 892 doctri·
1261 822 1328 892 tiae
1344 833 1522 902 motuum,
1548 821 1631 911 quia
1647 833 1680 890 et
1697 833 1841 910 propter
1857 819 2035 895 Ecclesiae
2060 824 2254 916 antiquita-

226 965 289 1010 nas
310 941 354 1007 de
377 933 551 1015 numeris,
583 931 625 998 dc
650 929 787 1016 figuris,
819 929 862 994 de
885 949 1072 1014 corporum
1096 927 1210 992 eoele—
1260 939 1349 1004 tem,
1375 935 1407 988 et
1429 919 1782 1011 propter-Historias,
1810 934 1845 991 et
1868 907 2254 1016 propterquoiidjm

226 1043 330 1114 stium
346 1037 525 1111 motibus,
552 1033 595 1098 de
610 1031 746 1097 viribus
771 1051 889 1096 rerum
906 1026 1143 1109 nascentium,
1168 1027 1210 1092 cle
1262 1037 1460 1094 contractus
1494 1045 1633 1092 neeesse
1672 1037 1721 1092 est
1759 1047 1859 1090 raosse
1895 1049 2072 1096 sannorum
2117 1028 2255 1100 seriem,

227 1147 343 1232 legum
366 1137 534 1206 sontibus.
580 1126 1210 1198 l'ereenimaPlatonedietumest:
1263 1123 1348 1191 vute
1368 1123 1477 1204 Deus,
1503 1123 1583 1190 sciri
1614 1123 1651 1190 in
1673 1119 1830 1195 Ecclesia
1854 1127 1979 1198 mundi
2002 1128 2197 1214 primordi„
2221 1141 2256 1198 et

227 1243 378 1314 Gratam
394 1241 437 1306 de
456 1237 531 1306 Deo
549 1235 677 1300 ianuam
695 1231 732 1298 in
748 1231 881 1298 artibus
895 1251 1048 1320 sparsam
1066 1249 1149 1294 esse.
1261 1225 1422 1294 ordinem
1440 1225 1713 1314 patefactionem
1729 1249 1892 1310 suaeum;
1920 1229 1995 1296 vult
2009 1229 2112 1311 seiri,
2138 1253 2255 1319 quan-

319 1338 373 1412 Ac
386 1341 436 1408 ad
448 1333 573 1404 harum
589 1333 716 1400 artirrm
733 1331 845 1398 studia
861 1344 895 1398 et
910 1329 1210 1398 conservationem
1262 1329 1326 1408 do,
1352 1327 1389 1395 in
1408 1326 1537 1415 quibus
1553 1327 1657 1408 locis,
1686 1343 1717 1394 et
1736 1327 1864 1417 quibus
1885 1330 2034 1398 testibus
2056 1330 2186 1400 tradita
2211 1331 2256 1398 sit

229 1445 378 1516 excitare
401 1435 562 1507 homines
585 1413 911 1521 debebat'primum
946 1430 1108 1498 voluntas
1133 1427 1210 1506 Dei,
1263 1453 1330 1496 vox
1346 1427 1486 1508 divina,
1512 1428 1575 1501 ubi
1592 1433 1784 1517 etquanelo
1802 1429 1913 1512 lilius,
1938 1425 2118 1512 Dominus
2133 1445 2257 1500 noster

229 1547 290 1641 qui
307 1540 392 1612 baec
415 1539 555 1626 vestigia
575 1559 636 1604 sua
660 1535 736 1601 vult
756 1531 904 1622 adspici,
931 1532 1059 1599 deinde
1078 1529 1214 1618 magni·
1265 1527 1359 1596 lesus
1375 1523 1537 1596 Christus
1563 1527 1794 1596 concionatus
1817 1531 1860 1595 sit
1884 1542 1974 1600 etex
1990 1547 2103 1603 morte
2117 1533 2258 1602 revixe-

230 1649 316 1718 tudo
331 1642 534 1712 utilitatum.
585 1633 1127 1722 Qualeseuimtenebraesunt,
1152 1630 1214 1700 ubi
1263 1629 1320 1700 rit.
1372 1627 1419 1698 Et
1442 1653 1619 1698 annornm
1645 1629 2139 1724 observationempraecipit,
2171 1659 2258 1702 cnm

230 1745 315 1818 baec
339 1742 507 1834 sapientia
525 1737 746 1826 negligitur.¹
775 1733 845 1802 Sed
861 1757 1076 1826 quamquam
1096 1732 1214 1820 magni
1264 1731 1328 1800 ait:
1363 1727 1480 1798 Erunt
1504 1729 1542 1798 in
1564 1731 1663 1817 signa
1686 1753 1839 1814 menses,
1873 1733 1948 1802 dies
1971 1747 2006 1804 et
2028 1736 2123 1804 anni.
2179 1733 2259 1804 Nec

231 1862 314 1920 suut
345 1844 540 1913 multorum
569 1833 756 1906 bominum
782 1839 934 1918 furores,
967 1849 1085 1904 tamen
1117 1831 1213 1902 Deus
1264 1831 2260 1914 enimsinemetisetdistinctioneannorumintervalla

231 1954 401 2022 immensa
416 1944 574 2014 bonitate
593 1939 794 2032 aliquorum
813 1937 991 2006 saniorum
1013 1935 1150 2004 animos
1170 1935 1214 2002 ad
1264 1933 1345 2008 seiri
1361 1945 1514 2022 possent.
1564 1929 1610 2001 Et
1626 1933 1756 2000 mirum
1774 1947 1843 2012 est,
1864 1934 1902 2004 'tn
1915 1936 1989 2004 sola
1999 1933 2152 2006 Ecclesia
2170 1961 2260 2025 per.

232 2049 411 2122 doctrinas
434 2041 595 2114 honestas
616 2039 741 2118 llectit,
768 2061 912 2106 nesuae
935 2035 1215 2107 lucisscintillae
1265 2048 1403 2124 petuam
1434 2055 1610 2104 annorum
1643 2035 1769 2104 seriem
1803 2035 1888 2104 inde
1918 2059 2031 2128 usque
2063 2039 2107 2108 ab
2145 2038 2260 2108 initio

232 2155 325 2222 inter
342 2147 502 2220 lmmines
517 2145 781 2228 extinguantur3
810 2153 866 2220 ut,
893 2164 972 2208 eum
989 2138 1158 2228 sapientia
1173 2139 1216 2204 de
1265 2136 1391 2204 terrendi
1408 2147 1646 2202 conservatam
1665 2159 1748 2206 csse.
1800 2133 1943 2204 Ceterae
1960 2151 2094 2224 gentes,
2110 2140 2260 2231 ignarae

230 2255 388 2324 motibus
420 2245 627 2316 coelestibus
661 2245 732 2312 scre
760 2243 796 2308 in
822 2254 894 2310 tota
920 2237 1063 2330 Europa
1098 2239 1215 2328 ignota
1266 2235 1464 2318 retirstatis,
1489 2235 1861 2304 linxemmtlabulosas
1883 2239 2054 2326 origines3
2087 2235 2259 2308 utArcs-

231 2335 1214 2441 esset,sapientissimiregisAlsonst'animuslraud‹lar-
1267 2339 1326 2403 des
1350 2335 1531 2418 eliserunt,
1558 2360 1593 2402 se
1616 2349 1696 2403 aute
1714 2335 1852 2403 lmuam
1877 2353 1977 2406 natos
1998 2364 2087 2408 esse:
2136 2337 2260 2410 Athe-

231 2457 291 2525 bie
308 2453 478 2523 divinitus
492 2469 656 2518 accensus
675 2459 743 2526 est,
769 2459 806 2511 ut
822 2467 862 2510 ex
880 2441 1072 2531 peregrinis
1086 2441 1216 2528 linguis
1267 2439 1403 2505 aienses
1414 2437 1674 2524 gloriabantur,
1702 2461 1737 2503 se
1752 2435 1990 2528 αὐτοχθονας
2005 2465 2093 2524 esse,
2113 2455 2145 2508 et
2161 2443 2261 2510 false)

233 2553 417 2626 transferri
439 2575 513 2620 cam
540 2549 576 2614 in
600 2567 796 2613 sermonem
814 2545 997 2628 usitatum,
1023 2556 1056 2610 et
1073 2565 1215 2610 enarra·
1268 2541 1458 2630 putabant,
1484 2561 1519 2604 se
1542 2539 1760 2628 antiquiores
1783 2563 1855 2606 esse
1871 2555 1971 2627 geute
1996 2539 2134 2623 Ionica,
2161 2569 2259 2635 qnae

218 2658 391 2727 *tionibus
424 2675 462 2721 ac
496 2649 627 2720 tabulis
661 2647 789 2715 instrui
821 2646 992 2713 discentes
1031 2643 1215 2715 curaverit.
1265 2639 1380 2706 a'filio
1400 2633 1549 2728 lapbrth
1573 2653 1646 2706 orta
1673 2653 1740 2720 ast,
1765 2641 1819 2706 fut
1844 2664 1973 2708 nome„
1997 2633 2163 2726 f„3p10„·'
2193 2647 2261 2738 qui

232 2758 308 2829 Etsi
332 2769 446 2824 aretem
471 2753 533 2820 illa
557 2747 697 2816 exordia
715 2747 927 2814 renascentis
943 2745 1125 2814 doctrinae
1146 2743 1216 2811 mi·
1267 2737 1421 2810 Graecae
1444 2740 1557 2832 gentis
1579 2741 1683 2828 stirps
1707 2757 1767 2810 est.
1821 2739 1887 2809 Sca}
1907 2743 2031 2810 omitto
2046 2739 2137 2811 hanc
2151 2769 2261 2812 mm,

234 2856 470 2947 nrrslimpida
495 2855 657 2928 freernai,
685 2873 790 2941 quam
816 2845 943 2922 Graeci
968 2849 1101 2927 sontes,
1134 2845 1216 2937 quia
1266 2841 1566 2908 memorationem.
1618 2839 1757 2910 Narrant
1774 2865 1895 2908 omnes
1910 2843 2005 2926 sani,
2031 2869 2177 2932 prorsus
2194 2871 2261 2916 nc-

234 2987 274 3031 ex
291 2958 448 3029 coenosis
465 2954 588 3022 rivulis
603 2955 815 3019 elusissent:
841 2962 956 3018 tamen
975 2949 1109 3016 aditum
1125 2947 1216 3014 mul·
1267 2941 1449 3022 cessariam
1468 2963 1540 3014 esse
1555 2941 1771 3024 doctrinam,
1804 2945 2174 3034 quaeannimetaset
2196 2973 2260 3019 or-

234 3066 279 3134 tis
301 3058 491 3150 ingeniosis
517 3067 550 3122 et
573 3052 731 3120 discendi
754 3050 893 3140 cupidis
909 3051 951 3116 ad
967 3049 1215 3140 perfectionem
1267 3043 1385 3109 dinem
1403 3041 1568 3112 ostendit.
1610 3040 1727 3132 Quam
1747 3045 1793 3108 ob
1809 3067 1964 3112 caussam
1982 3057 2016 3113 et
2033 3047 2172 3136 sapiens
2192 3075 2260 3118 an.

234 3161 341 3232 baritis
364 3159 544 3226 ‹loctrinae
567 3155 821 3242 patefecerunt,
853 3173 1003 3240 qnorum
1021 3149 1157 3238 aliqui,
1177 3160 1217 3216 ut
1267 3144 1410 3235 tiquitas
1434 3137 1525 3209 banc
1547 3167 1666 3209 curam
1690 3146 1829 3232 publice
1853 3147 2063 3214 doctissimis
2093 3143 2260 3218 bomini-

234 3253 486 3338 Pareamus,
530 3245 792 3332 Blaaehtaus,
838 3244 1032 3330 Caranus,
1077 3245 1217 3342 Regio-
1268 3246 1354 3327 bus,
1376 3243 1437 3338 qui
1458 3245 1618 3314 custodes
1637 3258 1735 3314 eraut
1757 3245 1955 3334 religionis,
1981 3253 2261 3338 commendavit,

236 3371 455 3444 montanee,
483 3345 724 3450 Ceperne'cuS,
758 3367 876 3442 postes
897 3353 1118 3439 ingeniorum
1142 3349 1216 3419 acie
1267 3358 1308 3414 ut
1322 3345 1406 3414 solis
1430 3345 1596 3417 circuitus
1613 3358 1644 3414 et
1661 3345 1864 3430 intervalla,
1890 3347 2111 3440 aequinoctia
2128 3365 2162 3420 et
2180 3355 2260 3422 501,

236 3483 270 3539 et
295 3489 357 3535 sua
380 3460 540 3542 solertia,
566 3456 679 3525 adiuti
701 3456 806 3523 etiam
838 3451 1039 3540 cognitione
1061 3450 1216 3520 Graecae
1266 3445 1359 3518 stitia
1387 3445 1677 3525 observarentur,
1711 3461 1744 3518 et
1767 3447 1942 3518 mensium
1965 3449 2076 3540 spatia
2099 3453 2142 3520 ad
2167 3457 2258 3524 5015,

234 3571 396 3658 linguae,
419 3577 532 3634 totum
551 3555 644 3626 bunc
661 3557 781 3624 orbem
802 3555 929 3622 artium
949 3555 1184 3622 illustrarunt.
1267 3547 1333 3616 iter
1355 3549 1714 3618 accommodarentur.
1772 3545 1876 3618 Hane
1899 3549 2006 3618 officii
2037 3551 2092 3620 sui
2115 3568 2258 3644 partem

326 3661 743 3760 ltaquenonsimusadeo
752 3679 811 3724 seu
820 3657 938 3737 ferrei,
954 3677 1014 3722 seu
1026 3653 1215 3746 Cyclopici,
1269 3650 1326 3720 ille
1344 3673 1501 3720 suciamus
1519 3651 1606 3716 ordo
1622 3649 1708 3716 adeo
1725 3648 1793 3720 barn
1811 3649 1974 3740 negligit,
1987 3663 2026 3723 ut
2043 3676 2106 3722 „pc
2124 3653 2161 3720 f„
2180 3658 2259 3726 col,

234 3788 275 3844 ut
295 3795 360 3838 nec
382 3779 491 3837 artem
516 3765 554 3830 in
577 3759 717 3851 opificio
741 3755 825 3840 Dei,
849 3781 914 3824 nec
937 3757 1055 3824 radios
1073 3755 1215 3822 divinae
1266 3749 1365 3838 legiis
1383 3749 1453 3818 suis
1478 3749 1728 3838 possessionem
1755 3745 1860 3818 basius
1883 3752 2076 3840 sapientiae
2093 3756 2259 3842 retineat,

232 3871 421 3964 sapientiae
438 3869 476 3934 in
490 3861 654 3933 humanis
671 3855 848 3928 mentibus
861 3859 1038 3948 adspicere
1055 3855 1215 3938 velimus,
1268 3875 1330 3920 nec
1354 3849 1432 3918 aliis
1451 3850 1666 3918 discentibus
1688 3874 1789 3942 opem
1813 3853 1919 3930 serat,
1942 3877 2022 3922 eum
2040 3865 2156 3926 tamen
2175 3859 2258 3928 sine

236 3999 301 4042 nec
317 3972 525 4058 cogitemus,
551 3963 755 4052 disciplinas
772 3983 845 4028 esse
860 3961 955 4028 dona
971 3955 1059 4038 Dei,
1083 3957 1213 4026 tradita
1266 3949 1467 4042 principum
1490 3951 1731 4029 munificentia
1757 3947 1941 4044 rusellinae
1963 3967 1998 4023 et
2011 3954 2154 4030 tabulae
2176 3959 2255 4027 fieri

235 4074 355 4148 nobis,
379 4083 410 4136 et
425 4082 466 4136 ut
483 4070 597 4154 ipsum
617 4085 862 4150 agnoscamus,
887 4075 919 4128 et
934 4074 973 4129 nt
987 4058 1149 4127 ordinem
1161 4058 1214 4125 vi·
1266 4077 1337 4122 non
1356 4052 1501 4144 possint.

235 4189 290 4246 tae
320 4181 442 4259 regant
464 4193 503 4234 ac
525 4179 703 4232 tueantur:
744 4167 801 4230 sed
836 4163 1097 4231 consideremus
1129 4153 1213 4228 baec
1368 4149 1525 4222 Alteram
1550 4167 1705 4242 partem,
1743 4177 1832 4248 quae
1855 4153 2044 4224 divinatrix
2071 4181 2132 4226 seu
2152 4183 2254 4246 prm..

234 4291 331 4348 tanta
357 4276 471 4352 bona,
503 4281 536 4336 et
552 4263 664 4334 Deum
691 4266 821 4330 fontem
846 4263 1036 4351 sapientiae
1059 4259 1214 4330 celebre-
1264 4279 1345 4346 τικη
1363 4253 1587 4335 nominatur,
1613 4255 1717 4324 multi
1732 4257 1856 4326 acerbe
1872 4257 2094 4346 vituperant,
2120 4259 2164 4326 de
2181 4284 2252 4354 qua

233 4401 329 4460 mers,
355 4389 388 4445 et
403 4373 433 4440 ei
450 4370 575 4460 gratias
590 4387 750 4454 agamus,
778 4365 870 4454 quod
895 4375 928 4430 et
948 4384 1022 4430 sese
1043 4361 1213 4451 patefecit,
1264 4357 1349 4424 alibi
1374 4355 1549 4446 copiosius
1569 4355 1653 4425 dixi.
1713 4354 1938 4452 Quamquam
1963 4371 2082 4449 atatem
2116 4385 2253 4452 nequa.

234 4481 323 4549 etin
346 4473 517 4544 humanas
541 4481 674 4536 mentes
692 4467 803 4534 lucem
820 4487 919 4531 suam
938 4463 1082 4553 sparsit,
1109 4477 1142 4532 et
1159 4463 1212 4529 vi·
1264 4481 1368 4548 quarn
1386 4457 1546 4524 oninium
1563 4467 1750 4526 eventuum
1767 4451 2155 4544 haunappmmcausm
2168 4477 2252 4530 sum

230 4597 301 4652 lam
319 4573 538 4646 issnllsbtfflls
556 4583 667 4638 ornei·
1263 4557 1442 4626 stellarum
1463 4557 1611 4651 positus,
1634 4567 1667 4626 et
1683 4555 2020 4649 sapienter.coussae
2044 4561 2249 4632 discernen-

331 4677 405 4747 Has
427 4673 684 4742 admonitiones
708 4666 837 4736 eruditi
854 4687 956 4756 saepe
979 4675 1135 4752 repetere
1151 4663 1213 4732 de·
1263 4659 1328 4728 dae
1350 4673 1432 4731 sunt
1456 4673 1490 4728 et
1511 4658 1675 4754 vitandae
1699 4659 1905 4751 praestigiae
1923 4660 2092 4730 falsarum
2108 4663 2249 4730 divina.

229 4787 331 4866 bent,
356 4791 396 4850 ut
410 4775 604 4844 multorum
620 4770 750 4838 iudicia
773 4769 811 4836 in
829 4763 894 4836 hoc
911 4787 1037 4855 genere
1056 4765 1213 4833 lormen·
1263 4759 1417 4827 tionum:
1450 4773 1567 4831 tamen
1589 4772 1726 4850 certum
1750 4773 1820 4854 eqt,
1851 4761 1979 4856 pnqtltas
2005 4748 2249 4836 ingementi,

232 4899 306 4968 tur,
332 4897 364 4952 et
381 4877 490 4970 aliqui
506 4877 547 4942 ad
565 4872 769 4939 discendum
789 4869 1026 4959 impellantur.
1263 4861 1472 4943 salutationes
1488 4861 1532 4928 ab
1548 4859 1649 4949 astris
1666 4859 1769 4950 oriri,
1795 4861 1987 4959 915an
2005 4855 2246 4946 mmmmm

328 4978 507 5054 Hortandi
530 4987 611 5044 suut
634 4971 736 5040 etiam
762 4971 1011 5057 gubernatores
1037 4966 1210 5055 reipubli·
1260 4985 1448 5058 corporum
1481 4975 1515 5037 et
1546 4959 1687 5056 ingqni0
1711 4987 1776 5056 quq
1794 4962 1885 5058 μμ
1918 4962 2095 5055 ¹'gipggqu
2126 4965 2244 5034 pumen

167 5133 168 5138 κ
230 5099 359 5169 eae,ut
378 5107 442 5152 suo
459 5076 617 5168 exemplo
635 5070 881 5152 declarent,se
894 5066 986 5138 hane
1000 5068 1207 5160 sapientiam
1258 5065 1578 5150 coelestemagnam
1601 5061 1672 5128 vim
1692 4985 1836 5132 lsabere.
1888 4986 2036 5131 lliodesc
2064 5051 2181 5132 aretem
2202 5067 2243 5132 ad

229 5188 377 5278 probare
393 5199 425 5251 et
440 5180 650 5251 liberalitate
666 5193 727 5242 sua
744 5173 1042 5240 conservationem
1067 5181 1101 5238 et
1124 5191 1207 5258 pros
1256 5164 1493 5254 valetudinem
1526 5163 1693 5261 tuendam
1728 5187 1830 5232 nosse
1854 5187 2043 5254 corporum
2069 5167 2185 5232 crasi„
2212 5179 2243 5233 et

227 5272 588 5376 pagationcmbarum
613 5275 764 5356 artium,
798 5273 927 5365 quibus
949 5265 1067 5338 carere
1089 5264 1206 5337 bomi—
1255 5263 1414 5334 moribus
1452 5260 1595 5363 prodest
1616 5250 2068 5348 ¹cernere·',iaicltaauoas's,
2119 5279 2155 5334 et
2187 5287 2243 5334 aas

225 5407 312 5454 num
335 5385 405 5451 vita
428 5405 501 5448 non
525 5389 656 5470 potest,
690 5376 873 5446 adiuvent.
931 5369 1119 5440 Manifesta
1153 5381 1204 5439 est
1253 5377 1325 5436 arte
1341 5369 1459 5453 regere
1476 5379 1535 5434 aut
1552 5367 1701 5449 frenare,
1716 5365 1804 5436 sicut
1818 5351 2243 5458 PegasumBelleruphoo
