<?xml version="1.0" encoding="UTF-8"?>
<!DOCTYPE html PUBLIC "-//W3C//DTD XHTML 1.0 Transitional//EN"
    "http://www.w3.org/TR/xhtml1/DTD/xhtml1-transitional.dtd">
<html xmlns="http://www.w3.org/1999/xhtml" xml:lang="en" lang="en">
 <head>
  <title>
</title>
<meta http-equiv="Content-Type" content="text/html;charset=utf-8" />
  <meta name='ocr-system' content='tesseract 3.04.00' />
  <meta name='ocr-capabilities' content='ocr_page ocr_carea ocr_par ocr_line ocrx_word'/>
</head>
<body>
  <div class='ocr_page' id='page_1' title='image "./corpusreformato20melagoog/corpusreformato20melagoog_0178.png"; bbox 0 0 4642 5808; ppageno 0'>
   <div class='ocr_carea' id='block_1_1' title="bbox 71 257 2105 353">
    <p class='ocr_par' dir='ltr' id='par_1_1' title="bbox 71 257 2105 353">
     <span class='ocr_line' id='line_1_1' title="bbox 71 257 2105 353; baseline 0.003 -17"><span class='ocrx_word' id='word_1_1' title='bbox 71 261 135 336; x_wconf 85' lang='lat' dir='ltr'><strong>sot</strong></span> <span class='ocrx_word' id='word_1_2' title='bbox 644 257 1080 341; x_wconf 77' lang='lat' dir='ltr'><strong>urtsroaattutt</strong></span> <span class='ocrx_word' id='word_1_3' title='bbox 1126 257 1234 340; x_wconf 76' lang='grc' dir='ltr'><strong>ΗΒ.</strong></span> <span class='ocrx_word' id='word_1_4' title='bbox 1267 257 1338 342; x_wconf 81' lang='lat' dir='ltr'><strong>Xl.</strong></span> <span class='ocrx_word' id='word_1_5' title='bbox 1392 263 1525 347; x_wconf 78' lang='lat'><strong>1649.</strong></span> <span class='ocrx_word' id='word_1_6' title='bbox 2028 275 2105 353; x_wconf 64' lang='grc' dir='ltr'><strong>οὓς</strong></span> 
     </span>
    </p>
   </div>
   <div class='ocr_carea' id='block_1_2' title="bbox 58 423 2106 1651">
    <p class='ocr_par' dir='ltr' id='par_1_2' title="bbox 58 423 2106 1651">
     <span class='ocr_line' id='line_1_2' title="bbox 68 423 2106 532; baseline 0.009 -31"><span class='ocrx_word' id='word_1_7' title='bbox 68 431 247 516; x_wconf 73' lang='lat' dir='ltr'><strong>articulos,</strong></span> <span class='ocrx_word' id='word_1_8' title='bbox 274 433 376 528; x_wconf 87' lang='lat' dir='ltr'><strong>quasi</strong></span> <span class='ocrx_word' id='word_1_9' title='bbox 399 449 598 532; x_wconf 75' lang='lat' dir='ltr'><strong>congruant</strong></span> <span class='ocrx_word' id='word_1_10' title='bbox 621 431 794 508; x_wconf 86' lang='lat' dir='ltr'><strong>cumbae</strong></span> <span class='ocrx_word' id='word_1_11' title='bbox 815 437 977 510; x_wconf 86' lang='lat' dir='ltr'><strong>doctrina</strong></span> <span class='ocrx_word' id='word_1_12' title='bbox 1002 435 1061 506; x_wconf 87' lang='lat' dir='ltr'><strong>sui</strong></span> <span class='ocrx_word' id='word_1_13' title='bbox 1109 445 1223 505; x_wconf 88' lang='lat' dir='ltr'><strong>metus</strong></span> <span class='ocrx_word' id='word_1_14' title='bbox 1255 437 1300 504; x_wconf 87' lang='lat' dir='ltr'><strong>de</strong></span> <span class='ocrx_word' id='word_1_15' title='bbox 1332 437 1432 508; x_wconf 77' lang='lat' dir='ltr'><strong>vobis</strong></span> <span class='ocrx_word' id='word_1_16' title='bbox 1459 451 1493 508; x_wconf 91' lang='lat' dir='ltr'><strong>et</strong></span> <span class='ocrx_word' id='word_1_17' title='bbox 1521 423 1679 512; x_wconf 80' lang='lat' dir='ltr'><strong>ecclesiis</strong></span> <span class='ocrx_word' id='word_1_18' title='bbox 1697 445 1835 522; x_wconf 79' lang='lat' dir='ltr'><strong>vestris.</strong></span> <span class='ocrx_word' id='word_1_19' title='bbox 1885 431 2106 520; x_wconf 72' lang='lat' dir='ltr'><strong>ASturmia&#39;</strong></span> 
     </span>
     <span class='ocr_line' id='line_1_3' title="bbox 65 535 2101 644; baseline 0.013 -47"><span class='ocrx_word' id='word_1_20' title='bbox 65 535 198 626; x_wconf 70' lang='lat' dir='ltr'><strong>scripti,</strong></span> <span class='ocrx_word' id='word_1_21' title='bbox 225 559 268 604; x_wconf 86' lang='lat' dir='ltr'><strong>ac</strong></span> <span class='ocrx_word' id='word_1_22' title='bbox 292 535 379 606; x_wconf 84' lang='lat' dir='ltr'><strong>velit</strong></span> <span class='ocrx_word' id='word_1_23' title='bbox 408 537 457 608; x_wconf 88' lang='lat' dir='ltr'><strong>ita</strong></span> <span class='ocrx_word' id='word_1_24' title='bbox 485 541 700 634; x_wconf 86' lang='lat' dir='ltr'><strong>respondere</strong></span> <span class='ocrx_word' id='word_1_25' title='bbox 723 538 930 632; x_wconf 87' lang='lat' dir='ltr'><strong>lmperatori</strong></span> <span class='ocrx_word' id='word_1_26' title='bbox 951 541 995 610; x_wconf 90' lang='lat' dir='ltr'><strong>de</strong></span> <span class='ocrx_word' id='word_1_27' title='bbox 1018 565 1058 609; x_wconf 79' lang='lat' dir='ltr'><strong>ea</strong></span> <span class='ocrx_word' id='word_1_28' title='bbox 1108 537 1203 606; x_wconf 88' lang='lat' dir='ltr'><strong>euim</strong></span> <span class='ocrx_word' id='word_1_29' title='bbox 1225 539 1337 608; x_wconf 78' lang='lat' dir='ltr'>nostri</span> <span class='ocrx_word' id='word_1_30' title='bbox 1362 541 1479 609; x_wconf 87' lang='lat' dir='ltr'><strong>reditu</strong></span> <span class='ocrx_word' id='word_1_31' title='bbox 1501 536 1594 612; x_wconf 91' lang='lat' dir='ltr'><strong>nibil</strong></span> <span class='ocrx_word' id='word_1_32' title='bbox 1608 539 1738 643; x_wconf 86' lang='lat' dir='ltr'><strong>certi¹)</strong></span> <span class='ocrx_word' id='word_1_33' title='bbox 1754 551 1798 618; x_wconf 88' lang='lat' dir='ltr'><strong>de</strong></span> <span class='ocrx_word' id='word_1_34' title='bbox 1814 547 1915 620; x_wconf 89' lang='lat' dir='ltr'><strong>vobis</strong></span> <span class='ocrx_word' id='word_1_35' title='bbox 1932 553 2101 644; x_wconf 80' lang='lat' dir='ltr'><strong>eognovi-</strong></span> 
     </span>
     <span class='ocr_line' id='line_1_4' title="bbox 65 635 2100 742; baseline 0.009 -36"><span class='ocrx_word' id='word_1_36' title='bbox 65 635 351 728; x_wconf 87' lang='lat' dir='ltr'><strong>interpretatione</strong></span> <span class='ocrx_word' id='word_1_37' title='bbox 384 650 445 712; x_wconf 89' lang='lat' dir='ltr'><strong>aut</strong></span> <span class='ocrx_word' id='word_1_38' title='bbox 480 641 709 732; x_wconf 78' lang='lat' dir='ltr'><strong>responsione</strong></span> <span class='ocrx_word' id='word_1_39' title='bbox 736 643 778 710; x_wconf 88' lang='lat' dir='ltr'><strong>ad</strong></span> <span class='ocrx_word' id='word_1_40' title='bbox 808 641 1056 736; x_wconf 76' lang='lat' dir='ltr'>imperatorem</span> <span class='ocrx_word' id='word_1_41' title='bbox 1104 659 1203 725; x_wconf 91' lang='lat' dir='ltr'><strong>mus,</strong></span> <span class='ocrx_word' id='word_1_42' title='bbox 1228 638 1297 709; x_wconf 90' lang='lat' dir='ltr'><strong>nisi</strong></span> <span class='ocrx_word' id='word_1_43' title='bbox 1316 643 1361 710; x_wconf 87' lang='lat' dir='ltr'><strong>de</strong></span> <span class='ocrx_word' id='word_1_44' title='bbox 1374 643 1524 712; x_wconf 79' lang='lat' dir='ltr'><strong>maximo</strong></span> <span class='ocrx_word' id='word_1_45' title='bbox 1539 647 1743 736; x_wconf 87' lang='lat' dir='ltr'><strong>provinciae</strong></span> <span class='ocrx_word' id='word_1_46' title='bbox 1759 663 1894 722; x_wconf 88' lang='lat' dir='ltr'><strong>vestrae</strong></span> <span class='ocrx_word' id='word_1_47' title='bbox 1910 667 2100 742; x_wconf 84' lang='lat' dir='ltr'><strong>conventu,</strong></span> 
     </span>
     <span class='ocr_line' id='line_1_5' title="bbox 64 737 2099 848; baseline 0.009 -40"><span class='ocrx_word' id='word_1_48' title='bbox 64 739 181 810; x_wconf 88' lang='lat' dir='ltr'><strong>dicite:</strong></span> <span class='ocrx_word' id='word_1_49' title='bbox 207 761 270 808; x_wconf 83' lang='lat' dir='ltr'><strong>vos</strong></span> <span class='ocrx_word' id='word_1_50' title='bbox 286 739 351 830; x_wconf 87' lang='lat' dir='ltr'><strong>ipsi</strong></span> <span class='ocrx_word' id='word_1_51' title='bbox 367 739 520 834; x_wconf 82' lang='lat' dir='ltr'><strong>principi</strong></span> <span class='ocrx_word' id='word_1_52' title='bbox 538 737 631 812; x_wconf 92' lang='lat' dir='ltr'><strong>nibil</strong></span> <span class='ocrx_word' id='word_1_53' title='bbox 647 743 901 834; x_wconf 78' lang='lat' dir='ltr'><strong>praescribere,</strong></span> <span class='ocrx_word' id='word_1_54' title='bbox 916 747 976 814; x_wconf 89' lang='lat' dir='ltr'><strong>scd</strong></span> <span class='ocrx_word' id='word_1_55' title='bbox 994 767 1056 812; x_wconf 85' lang='lat' dir='ltr'><strong>vos</strong></span> <span class='ocrx_word' id='word_1_56' title='bbox 1105 739 1168 834; x_wconf 91' lang='lat' dir='ltr'><strong>qui</strong></span> <span class='ocrx_word' id='word_1_57' title='bbox 1185 741 1308 813; x_wconf 81' lang='lat' dir='ltr'><strong>coierit</strong></span> <span class='ocrx_word' id='word_1_58' title='bbox 1324 741 1480 834; x_wconf 79' lang='lat' dir='ltr'><strong>Lipsiae,</strong></span> <span class='ocrx_word' id='word_1_59' title='bbox 1507 745 1545 814; x_wconf 92' lang='lat' dir='ltr'><strong>in</strong></span> <span class='ocrx_word' id='word_1_60' title='bbox 1569 771 1640 842; x_wconf 90' lang='lat' dir='ltr'><strong>quo</strong></span> <span class='ocrx_word' id='word_1_61' title='bbox 1665 775 1745 820; x_wconf 91' lang='lat' dir='ltr'><strong>cum</strong></span> <span class='ocrx_word' id='word_1_62' title='bbox 1770 753 1939 848; x_wconf 84' lang='lat' dir='ltr'><strong>scripturn</strong></span> <span class='ocrx_word' id='word_1_63' title='bbox 1959 757 2004 828; x_wconf 91' lang='lat' dir='ltr'><strong>sit</strong></span> <span class='ocrx_word' id='word_1_64' title='bbox 2026 757 2099 826; x_wconf 84' lang='lat' dir='ltr'><strong>sre-</strong></span> 
     </span>
     <span class='ocr_line' id='line_1_6' title="bbox 64 839 2097 944; baseline 0.009 -32"><span class='ocrx_word' id='word_1_65' title='bbox 64 840 197 925; x_wconf 88' lang='lat' dir='ltr'><strong>testari,</strong></span> <span class='ocrx_word' id='word_1_66' title='bbox 220 843 315 934; x_wconf 87' lang='lat' dir='ltr'><strong>quod</strong></span> <span class='ocrx_word' id='word_1_67' title='bbox 331 866 492 912; x_wconf 88' lang='lat' dir='ltr'><strong>normam</strong></span> <span class='ocrx_word' id='word_1_68' title='bbox 521 839 688 916; x_wconf 88' lang='lat' dir='ltr'><strong>hactenus</strong></span> <span class='ocrx_word' id='word_1_69' title='bbox 708 859 879 917; x_wconf 87' lang='lat' dir='ltr'><strong>servatam</strong></span> <span class='ocrx_word' id='word_1_70' title='bbox 901 845 1056 916; x_wconf 88' lang='lat' dir='ltr'><strong>secuturi</strong></span> <span class='ocrx_word' id='word_1_71' title='bbox 1104 855 1250 934; x_wconf 82' lang='lat' dir='ltr'><strong>quantes</strong></span> <span class='ocrx_word' id='word_1_72' title='bbox 1266 859 1339 914; x_wconf 80' lang='lat' dir='ltr'><strong>esse</strong></span> <span class='ocrx_word' id='word_1_73' title='bbox 1356 841 1579 942; x_wconf 80' lang='lat' dir='ltr'><strong>adhibitos’)</strong></span> <span class='ocrx_word' id='word_1_74' title='bbox 1601 851 1825 924; x_wconf 88' lang='lat' dir='ltr'><strong>ecclesiarum</strong></span> <span class='ocrx_word' id='word_1_75' title='bbox 1841 856 2019 944; x_wconf 88' lang='lat' dir='ltr'><strong>doctores,</strong></span> <span class='ocrx_word' id='word_1_76' title='bbox 2039 847 2097 928; x_wconf 85' lang='lat' dir='ltr'><strong>re-</strong></span> 
     </span>
     <span class='ocr_line' id='line_1_7' title="bbox 64 939 2096 1040; baseline 0.01 -28"><span class='ocrx_word' id='word_1_77' title='bbox 64 944 142 1016; x_wconf 89' lang='lat' dir='ltr'><strong>sitis.</strong></span> <span class='ocrx_word' id='word_1_78' title='bbox 194 939 271 1012; x_wconf 83' lang='lat' dir='ltr'><strong>Hac</strong></span> <span class='ocrx_word' id='word_1_79' title='bbox 287 944 516 1036; x_wconf 84' lang='lat' dir='ltr'><strong>responsione</strong></span> <span class='ocrx_word' id='word_1_80' title='bbox 530 945 688 1018; x_wconf 80' lang='lat' dir='ltr'><strong>fortassis</strong></span> <span class='ocrx_word' id='word_1_81' title='bbox 702 941 847 1019; x_wconf 83' lang='lat' dir='ltr'><strong>Elector</strong></span> <span class='ocrx_word' id='word_1_82' title='bbox 867 959 1054 1018; x_wconf 88' lang='lat' dir='ltr'><strong>contentus</strong></span> <span class='ocrx_word' id='word_1_83' title='bbox 1102 943 1277 1032; x_wconf 82' lang='lat' dir='ltr'><strong>spiramus</strong></span> <span class='ocrx_word' id='word_1_84' title='bbox 1292 947 1410 1040; x_wconf 88' lang='lat' dir='ltr'><strong>aliqua</strong></span> <span class='ocrx_word' id='word_1_85' title='bbox 1427 972 1487 1040; x_wconf 87' lang='lat' dir='ltr'><strong>spe</strong></span> <span class='ocrx_word' id='word_1_86' title='bbox 1503 949 1589 1019; x_wconf 90' lang='lat' dir='ltr'><strong>boni</strong></span> <span class='ocrx_word' id='word_1_87' title='bbox 1606 956 1864 1026; x_wconf 87' lang='lat' dir='ltr'><strong>eventusnobis</strong></span> <span class='ocrx_word' id='word_1_88' title='bbox 1880 959 2096 1034; x_wconf 83' lang='lat' dir='ltr'><strong>confirmata.</strong></span> 
     </span>
     <span class='ocr_line' id='line_1_8' title="bbox 63 1039 2096 1140; baseline 0.02 -51"><span class='ocrx_word' id='word_1_89' title='bbox 63 1045 132 1118; x_wconf 54' lang='grc' dir='ltr'><strong>αἱ),</strong></span> <span class='ocrx_word' id='word_1_90' title='bbox 626 1067 630 1078; x_wconf 75' lang='lat'><strong>,</strong></span> <span class='ocrx_word' id='word_1_91' title='bbox 953 1100 960 1118; x_wconf 76' lang='lat'><strong>,</strong></span> <span class='ocrx_word' id='word_1_92' title='bbox 1101 1039 1347 1140; x_wconf 81' lang='lat' dir='ltr'><strong>†Etenim‘),</strong></span> <span class='ocrx_word' id='word_1_93' title='bbox 1369 1050 1440 1118; x_wconf 90' lang='lat' dir='ltr'><strong>nisi</strong></span> <span class='ocrx_word' id='word_1_94' title='bbox 1456 1051 1580 1122; x_wconf 87' lang='lat' dir='ltr'><strong>audire</strong></span> <span class='ocrx_word' id='word_1_95' title='bbox 1595 1053 1739 1124; x_wconf 90' lang='lat' dir='ltr'><strong>illorum</strong></span> <span class='ocrx_word' id='word_1_96' title='bbox 1756 1059 1944 1130; x_wconf 90' lang='lat' dir='ltr'><strong>sententias</strong></span> <span class='ocrx_word' id='word_1_97' title='bbox 1961 1061 2096 1136; x_wconf 89' lang='lat' dir='ltr'><strong>voluis-</strong></span> 
     </span>
     <span class='ocr_line' id='line_1_9' title="bbox 155 1143 2094 1244; baseline 0.009 -28"><span class='ocrx_word' id='word_1_98' title='bbox 155 1143 298 1216; x_wconf 86' lang='lat' dir='ltr'><strong>Scimus</strong></span> <span class='ocrx_word' id='word_1_99' title='bbox 322 1147 398 1218; x_wconf 88' lang='lat' dir='ltr'><strong>lieri</strong></span> <span class='ocrx_word' id='word_1_100' title='bbox 422 1147 632 1220; x_wconf 84' lang='lat' dir='ltr'><strong>solitudines</strong></span> <span class='ocrx_word' id='word_1_101' title='bbox 662 1148 700 1218; x_wconf 93' lang='lat' dir='ltr'><strong>iu</strong></span> <span class='ocrx_word' id='word_1_102' title='bbox 724 1147 847 1220; x_wconf 90' lang='lat' dir='ltr'><strong>multis</strong></span> <span class='ocrx_word' id='word_1_103' title='bbox 870 1145 1052 1220; x_wconf 87' lang='lat' dir='ltr'><strong>Ecclesiis:</strong></span> <span class='ocrx_word' id='word_1_104' title='bbox 1100 1159 1178 1217; x_wconf 89' lang='lat' dir='ltr'><strong>sent</strong></span> <span class='ocrx_word' id='word_1_105' title='bbox 1193 1149 1255 1241; x_wconf 92' lang='lat' dir='ltr'><strong>qui</strong></span> <span class='ocrx_word' id='word_1_106' title='bbox 1277 1151 1381 1220; x_wconf 90' lang='lat' dir='ltr'><strong>rebus</strong></span> <span class='ocrx_word' id='word_1_107' title='bbox 1396 1165 1582 1243; x_wconf 90' lang='lat' dir='ltr'><strong>praesunt,</strong></span> <span class='ocrx_word' id='word_1_108' title='bbox 1608 1155 1863 1244; x_wconf 85' lang='lat' dir='ltr'><strong>existimamus,</strong></span> <span class='ocrx_word' id='word_1_109' title='bbox 1888 1183 1962 1232; x_wconf 90' lang='lat' dir='ltr'><strong>non</strong></span> <span class='ocrx_word' id='word_1_110' title='bbox 1983 1161 2094 1234; x_wconf 80' lang='lat' dir='ltr'><strong>luisse</strong></span> 
     </span>
     <span class='ocr_line' id='line_1_10' title="bbox 61 1247 2094 1357; baseline 0.015 -41"><span class='ocrx_word' id='word_1_111' title='bbox 61 1247 146 1339; x_wconf 88' lang='lat' dir='ltr'><strong>pulsi</strong></span> <span class='ocrx_word' id='word_1_112' title='bbox 168 1259 255 1318; x_wconf 88' lang='lat' dir='ltr'><strong>sunt</strong></span> <span class='ocrx_word' id='word_1_113' title='bbox 276 1263 429 1339; x_wconf 90' lang='lat' dir='ltr'><strong>pastores</strong></span> <span class='ocrx_word' id='word_1_114' title='bbox 446 1250 563 1339; x_wconf 91' lang='lat' dir='ltr'><strong>plures</strong></span> <span class='ocrx_word' id='word_1_115' title='bbox 578 1251 847 1346; x_wconf 85' lang='lat' dir='ltr'><strong>quadringentis</strong></span> <span class='ocrx_word' id='word_1_116' title='bbox 869 1251 906 1323; x_wconf 89' lang='lat' dir='ltr'><strong>in</strong></span> <span class='ocrx_word' id='word_1_117' title='bbox 922 1249 1050 1322; x_wconf 77' lang='lat' dir='ltr'><strong>Suesia</strong></span> <span class='ocrx_word' id='word_1_118' title='bbox 1099 1247 1314 1320; x_wconf 71' lang='lat' dir='ltr'><strong>admissuros</strong></span> <span class='ocrx_word' id='word_1_119' title='bbox 1334 1254 1421 1323; x_wconf 77' lang='lat' dir='ltr'><strong>adeo</strong></span> <span class='ocrx_word' id='word_1_120' title='bbox 1446 1253 1658 1347; x_wconf 74' lang='lat' dir='ltr'><strong>mtlll⁰⁸&#39;&#39;⁵)·</strong></span> <span class='ocrx_word' id='word_1_121' title='bbox 1710 1255 1793 1348; x_wconf 81' lang='lat' dir='ltr'><strong>Quo</strong></span> <span class='ocrx_word' id='word_1_122' title='bbox 1816 1260 1936 1354; x_wconf 69' lang='lat' dir='ltr'><strong>itaque</strong></span> <span class='ocrx_word' id='word_1_123' title='bbox 1956 1263 2094 1357; x_wconf 67' lang='lat' dir='ltr'><strong>aliquid</strong></span> 
     </span>
     <span class='ocr_line' id='line_1_11' title="bbox 58 1345 2093 1456; baseline 0.009 -38"><span class='ocrx_word' id='word_1_124' title='bbox 58 1361 89 1418; x_wconf 87' lang='lat' dir='ltr'><strong>et</strong></span> <span class='ocrx_word' id='word_1_125' title='bbox 113 1351 156 1417; x_wconf 88' lang='lat' dir='ltr'><strong>ad</strong></span> <span class='ocrx_word' id='word_1_126' title='bbox 189 1345 373 1425; x_wconf 86' lang='lat' dir='ltr'><strong>Rhenum.</strong></span> <span class='ocrx_word' id='word_1_127' title='bbox 429 1345 648 1447; x_wconf 74' lang='lat' dir='ltr'><strong>Tabr&#39;ugoe,</strong></span> <span class='ocrx_word' id='word_1_128' title='bbox 681 1353 746 1422; x_wconf 88' lang='lat' dir='ltr'><strong>ubi</strong></span> <span class='ocrx_word' id='word_1_129' title='bbox 768 1351 959 1424; x_wconf 81' lang='lat' dir='ltr'><strong>Academia</strong></span> <span class='ocrx_word' id='word_1_130' title='bbox 989 1368 1051 1456; x_wconf 72' lang='lat' dir='ltr'><strong>est,</strong></span> <span class='ocrx_word' id='word_1_131' title='bbox 1099 1349 1227 1422; x_wconf 90' lang='lat' dir='ltr'><strong>certius</strong></span> <span class='ocrx_word' id='word_1_132' title='bbox 1249 1351 1293 1421; x_wconf 89' lang='lat' dir='ltr'><strong>de</strong></span> <span class='ocrx_word' id='word_1_133' title='bbox 1319 1355 1462 1424; x_wconf 91' lang='lat' dir='ltr'><strong>concilii</strong></span> <span class='ocrx_word' id='word_1_134' title='bbox 1488 1349 1595 1426; x_wconf 91' lang='lat' dir='ltr'><strong>buius</strong></span> <span class='ocrx_word' id='word_1_135' title='bbox 1617 1360 1767 1430; x_wconf 86' lang='lat' dir='ltr'><strong>decretis</strong></span> <span class='ocrx_word' id='word_1_136' title='bbox 1796 1384 2093 1452; x_wconf 84' lang='lat' dir='ltr'><strong>cognosceremus,</strong></span> 
     </span>
     <span class='ocr_line' id='line_1_12' title="bbox 60 1447 2093 1558; baseline 0.016 -41"><span class='ocrx_word' id='word_1_137' title='bbox 60 1451 162 1541; x_wconf 91' lang='lat' dir='ltr'><strong>pulsis</strong></span> <span class='ocrx_word' id='word_1_138' title='bbox 196 1453 366 1542; x_wconf 90' lang='lat' dir='ltr'><strong>pastorib.</strong></span> <span class='ocrx_word' id='word_1_139' title='bbox 400 1468 436 1524; x_wconf 90' lang='lat' dir='ltr'><strong>et</strong></span> <span class='ocrx_word' id='word_1_140' title='bbox 469 1455 797 1540; x_wconf 86' lang='lat' dir='ltr'><strong>concionatoribus,</strong></span> <span class='ocrx_word' id='word_1_141' title='bbox 833 1467 971 1526; x_wconf 91' lang='lat' dir='ltr'><strong>tantum</strong></span> <span class='ocrx_word' id='word_1_142' title='bbox 1000 1455 1048 1524; x_wconf 87' lang='lat' dir='ltr'><strong>ibi</strong></span> <span class='ocrx_word' id='word_1_143' title='bbox 1099 1450 1262 1522; x_wconf 70' lang='lat' dir='ltr'><strong>misimus</strong></span> <span class='ocrx_word' id='word_1_144' title='bbox 1276 1447 1372 1524; x_wconf 78' lang='lat' dir='ltr'><strong>hunc</strong></span> <span class='ocrx_word' id='word_1_145' title='bbox 1393 1449 1575 1526; x_wconf 71' lang='lat' dir='ltr'><strong>hominem</strong></span> <span class='ocrx_word' id='word_1_146' title='bbox 1591 1459 1633 1528; x_wconf 66' lang='lat' dir='ltr'><strong>ad</strong></span> <span class='ocrx_word' id='word_1_147' title='bbox 1650 1483 1731 1542; x_wconf 61' lang='grc' dir='ltr'><strong>νοῦ,</strong></span> <span class='ocrx_word' id='word_1_148' title='bbox 1757 1486 1821 1554; x_wconf 69' lang='lat' dir='ltr'><strong>Per</strong></span> <span class='ocrx_word' id='word_1_149' title='bbox 1841 1488 1946 1558; x_wconf 66' lang='lat' dir='ltr'><strong>quem</strong></span> <span class='ocrx_word' id='word_1_150' title='bbox 1968 1467 2011 1535; x_wconf 69' lang='lat' dir='ltr'><strong>de</strong></span> <span class='ocrx_word' id='word_1_151' title='bbox 2035 1491 2093 1536; x_wconf 73' lang='lat'><strong>0⁰·</strong></span> 
     </span>
     <span class='ocr_line' id='line_1_13' title="bbox 60 1551 2091 1651; baseline 0.015 -31"><span class='ocrx_word' id='word_1_152' title='bbox 60 1577 147 1622; x_wconf 90' lang='lat' dir='ltr'><strong>nuuc</strong></span> <span class='ocrx_word' id='word_1_153' title='bbox 160 1575 267 1622; x_wconf 85' lang='lat' dir='ltr'><strong>senex</strong></span> <span class='ocrx_word' id='word_1_154' title='bbox 283 1553 497 1624; x_wconf 83' lang='lat' dir='ltr'><strong>sacrificulus</strong></span> <span class='ocrx_word' id='word_1_155' title='bbox 513 1569 581 1626; x_wconf 86' lang='lat' dir='ltr'><strong>est:</strong></span> <span class='ocrx_word' id='word_1_156' title='bbox 609 1556 671 1651; x_wconf 91' lang='lat' dir='ltr'><strong>qui</strong></span> <span class='ocrx_word' id='word_1_157' title='bbox 686 1569 725 1628; x_wconf 89' lang='lat' dir='ltr'><strong>ut</strong></span> <span class='ocrx_word' id='word_1_158' title='bbox 740 1556 831 1626; x_wconf 89' lang='lat' dir='ltr'><strong>libro</strong></span> <span class='ocrx_word' id='word_1_159' title='bbox 842 1555 1049 1650; x_wconf 78' lang='lat' dir='ltr'><strong>Augustano</strong></span> <span class='ocrx_word' id='word_1_160' title='bbox 1096 1551 1284 1624; x_wconf 60' lang='lat' dir='ltr'><strong>eleutrum</strong></span> <span class='ocrx_word' id='word_1_161' title='bbox 1302 1569 1498 1628; x_wconf 70' lang='lat' dir='ltr'><strong>vestrarum</strong></span> <span class='ocrx_word' id='word_1_162' title='bbox 1521 1571 1555 1629; x_wconf 74' lang='lat' dir='ltr'><strong>el</strong></span> <span class='ocrx_word' id='word_1_163' title='bbox 1569 1573 1684 1632; x_wconf 63' lang='lat' dir='ltr'><strong>vestri</strong></span> <span class='ocrx_word' id='word_1_164' title='bbox 1708 1563 1851 1636; x_wconf 71' lang='lat' dir='ltr'><strong>lorium</strong></span> <span class='ocrx_word' id='word_1_165' title='bbox 1874 1577 1917 1639; x_wconf 77' lang='lat' dir='ltr'><strong>ul</strong></span> <span class='ocrx_word' id='word_1_166' title='bbox 1938 1567 2091 1642; x_wconf 54' lang='lat' dir='ltr'><strong>scribet*</strong></span> 
     </span>
    </p>
   </div>
   <div class='ocr_carea' id='block_1_3' title="bbox 59 1655 1047 1848">
    <p class='ocr_par' dir='ltr' id='par_1_3' title="bbox 59 1655 1047 1848">
     <span class='ocr_line' id='line_1_14' title="bbox 60 1655 1047 1750; baseline 0.002 -26"><span class='ocrx_word' id='word_1_167' title='bbox 60 1655 214 1738; x_wconf 87' lang='lat' dir='ltr'><strong>satisfiat,</strong></span> <span class='ocrx_word' id='word_1_168' title='bbox 242 1655 459 1726; x_wconf 90' lang='lat' dir='ltr'><strong>oblationem</strong></span> <span class='ocrx_word' id='word_1_169' title='bbox 484 1657 649 1732; x_wconf 88' lang='lat' dir='ltr'><strong>restituit.</strong></span> <span class='ocrx_word' id='word_1_170' title='bbox 700 1655 836 1727; x_wconf 89' lang='lat' dir='ltr'><strong>Mirum</strong></span> <span class='ocrx_word' id='word_1_171' title='bbox 860 1672 912 1729; x_wconf 91' lang='lat' dir='ltr'><strong>est</strong></span> <span class='ocrx_word' id='word_1_172' title='bbox 928 1657 1047 1750; x_wconf 85' lang='lat' dir='ltr'><strong>igitur,</strong></span> 
     </span>
     <span class='ocr_line' id='line_1_15' title="bbox 59 1753 1047 1848; baseline 0.005 -22"><span class='ocrx_word' id='word_1_173' title='bbox 59 1781 115 1826; x_wconf 83' lang='lat' dir='ltr'><strong>eor</strong></span> <span class='ocrx_word' id='word_1_174' title='bbox 128 1771 279 1828; x_wconf 90' lang='lat' dir='ltr'><strong>aetatem</strong></span> <span class='ocrx_word' id='word_1_175' title='bbox 300 1781 439 1826; x_wconf 87' lang='lat' dir='ltr'><strong>auream</strong></span> <span class='ocrx_word' id='word_1_176' title='bbox 467 1759 648 1848; x_wconf 89' lang='lat' dir='ltr'><strong>promittat</strong></span> <span class='ocrx_word' id='word_1_177' title='bbox 667 1753 844 1843; x_wconf 82' lang='lat' dir='ltr'><strong>Islcba&#39;us,</strong></span> <span class='ocrx_word' id='word_1_178' title='bbox 870 1783 950 1830; x_wconf 91' lang='lat' dir='ltr'><strong>cum</strong></span> <span class='ocrx_word' id='word_1_179' title='bbox 972 1783 1047 1830; x_wconf 85' lang='lat' dir='ltr'><strong>rna-</strong></span> 
     </span>
    </p>
   </div>
   <div class='ocr_carea' id='block_1_4' title="bbox 1097 1654 2089 1857">
    <p class='ocr_par' dir='ltr' id='par_1_4' title="bbox 1097 1654 2089 1857">
     <span class='ocr_line' id='line_1_16' title="bbox 1097 1654 1852 1754; baseline 0.026 -34"><span class='ocrx_word' id='word_1_180' title='bbox 1097 1654 1234 1739; x_wconf 84' lang='lat' dir='ltr'><strong>velitis,</strong></span> <span class='ocrx_word' id='word_1_181' title='bbox 1259 1679 1322 1726; x_wconf 88' lang='lat' dir='ltr'><strong>vos</strong></span> <span class='ocrx_word' id='word_1_182' title='bbox 1339 1658 1443 1728; x_wconf 89' lang='lat' dir='ltr'><strong>etiam</strong></span> <span class='ocrx_word' id='word_1_183' title='bbox 1459 1673 1564 1754; x_wconf 89' lang='lat' dir='ltr'><strong>atque</strong></span> <span class='ocrx_word' id='word_1_184' title='bbox 1577 1660 1681 1733; x_wconf 87' lang='lat' dir='ltr'><strong>etiarn</strong></span> <span class='ocrx_word' id='word_1_185' title='bbox 1699 1689 1852 1741; x_wconf 88' lang='lat' dir='ltr'><strong>oramus.</strong></span> 
     </span>
     <span class='ocr_line' id='line_1_17' title="bbox 1196 1753 2089 1857; baseline 0.013 -31"><span class='ocrx_word' id='word_1_186' title='bbox 1196 1753 1288 1842; x_wconf 89' lang='lat' dir='ltr'><strong>Nos,</strong></span> <span class='ocrx_word' id='word_1_187' title='bbox 1313 1771 1354 1830; x_wconf 91' lang='lat' dir='ltr'><strong>ut</strong></span> <span class='ocrx_word' id='word_1_188' title='bbox 1369 1771 1402 1830; x_wconf 90' lang='lat' dir='ltr'><strong>et</strong></span> <span class='ocrx_word' id='word_1_189' title='bbox 1417 1761 1478 1830; x_wconf 88' lang='lat' dir='ltr'><strong>alii</strong></span> <span class='ocrx_word' id='word_1_190' title='bbox 1492 1762 1614 1848; x_wconf 93' lang='lat' dir='ltr'><strong>multi,</strong></span> <span class='ocrx_word' id='word_1_191' title='bbox 1638 1787 1713 1834; x_wconf 91' lang='lat' dir='ltr'><strong>non</strong></span> <span class='ocrx_word' id='word_1_192' title='bbox 1728 1789 1852 1857; x_wconf 92' lang='lat' dir='ltr'><strong>parum</strong></span> <span class='ocrx_word' id='word_1_193' title='bbox 1871 1767 2014 1838; x_wconf 89' lang='lat' dir='ltr'><strong>illarum</strong></span> <span class='ocrx_word' id='word_1_194' title='bbox 2029 1791 2089 1840; x_wconf 85' lang='lat' dir='ltr'><strong>re·</strong></span> 
     </span>
    </p>
   </div>
   <div class='ocr_carea' id='block_1_5' title="bbox 59 1857 2089 1956">
    <p class='ocr_par' dir='ltr' id='par_1_5' title="bbox 59 1857 2089 1956">
     <span class='ocr_line' id='line_1_18' title="bbox 59 1857 2089 1956; baseline 0.009 -29"><span class='ocrx_word' id='word_1_195' title='bbox 59 1859 174 1928; x_wconf 87' lang='lat' dir='ltr'><strong>nileste</strong></span> <span class='ocrx_word' id='word_1_196' title='bbox 200 1859 322 1929; x_wconf 87' lang='lat' dir='ltr'><strong>videat</strong></span> <span class='ocrx_word' id='word_1_197' title='bbox 344 1861 474 1928; x_wconf 85' lang='lat' dir='ltr'><strong>vastari</strong></span> <span class='ocrx_word' id='word_1_198' title='bbox 499 1876 570 1932; x_wconf 92' lang='lat' dir='ltr'><strong>tam</strong></span> <span class='ocrx_word' id='word_1_199' title='bbox 598 1861 723 1930; x_wconf 86' lang='lat' dir='ltr'><strong>multas</strong></span> <span class='ocrx_word' id='word_1_200' title='bbox 746 1857 938 1949; x_wconf 79' lang='lat' dir='ltr'><strong>Ecclesiae,</strong></span> <span class='ocrx_word' id='word_1_201' title='bbox 969 1861 1047 1951; x_wconf 90' lang='lat' dir='ltr'><strong>pios</strong></span> <span class='ocrx_word' id='word_1_202' title='bbox 1094 1878 1174 1924; x_wconf 77' lang='lat' dir='ltr'><strong>tum</strong></span> <span class='ocrx_word' id='word_1_203' title='bbox 1200 1857 1433 1944; x_wconf 64' lang='lat' dir='ltr'><strong>exsolvimus,</strong></span> <span class='ocrx_word' id='word_1_204' title='bbox 1457 1887 1544 1956; x_wconf 89' lang='lat' dir='ltr'><strong>quas</strong></span> <span class='ocrx_word' id='word_1_205' title='bbox 1564 1862 1661 1935; x_wconf 87' lang='lat' dir='ltr'><strong>Deus</strong></span> <span class='ocrx_word' id='word_1_206' title='bbox 1683 1868 1839 1940; x_wconf 90' lang='lat' dir='ltr'><strong>minatus</strong></span> <span class='ocrx_word' id='word_1_207' title='bbox 1861 1883 1912 1940; x_wconf 89' lang='lat' dir='ltr'><strong>est</strong></span> <span class='ocrx_word' id='word_1_208' title='bbox 1934 1867 2029 1944; x_wconf 89' lang='lat' dir='ltr'><strong>Esai.</strong></span> <span class='ocrx_word' id='word_1_209' title='bbox 2051 1871 2089 1946; x_wconf 69' lang='lat'><strong>3.</strong></span> 
     </span>
    </p>
   </div>
   <div class='ocr_carea' id='block_1_6' title="bbox 57 1959 1046 2262">
    <p class='ocr_par' dir='ltr' id='par_1_6' title="bbox 57 1959 1046 2262">
     <span class='ocr_line' id='line_1_19' title="bbox 59 1959 1046 2062; baseline 0.003 -34"><span class='ocrx_word' id='word_1_210' title='bbox 59 1975 89 2030; x_wconf 92' lang='lat' dir='ltr'><strong>et</strong></span> <span class='ocrx_word' id='word_1_211' title='bbox 108 1963 232 2029; x_wconf 91' lang='lat' dir='ltr'><strong>doctos</strong></span> <span class='ocrx_word' id='word_1_212' title='bbox 256 1960 351 2030; x_wconf 89' lang='lat' dir='ltr'><strong>viros</strong></span> <span class='ocrx_word' id='word_1_213' title='bbox 376 1961 516 2030; x_wconf 82' lang='lat' dir='ltr'><strong>exulare</strong></span> <span class='ocrx_word' id='word_1_214' title='bbox 539 1987 618 2033; x_wconf 88' lang='lat' dir='ltr'><strong>cum</strong></span> <span class='ocrx_word' id='word_1_215' title='bbox 644 1963 726 2033; x_wconf 90' lang='lat' dir='ltr'><strong>totis</strong></span> <span class='ocrx_word' id='word_1_216' title='bbox 739 1961 895 2062; x_wconf 83' lang='lat' dir='ltr'><strong>familiis.</strong></span> <span class='ocrx_word' id='word_1_217' title='bbox 946 1959 1046 2034; x_wconf 89' lang='lat' dir='ltr'><strong>Tau-</strong></span> 
     </span>
     <span class='ocr_line' id='line_1_20' title="bbox 57 2061 1044 2152; baseline -0.001 -19"><span class='ocrx_word' id='word_1_218' title='bbox 57 2076 105 2133; x_wconf 88' lang='lat' dir='ltr'><strong>tae</strong></span> <span class='ocrx_word' id='word_1_219' title='bbox 126 2061 341 2131; x_wconf 83' lang='lat' dir='ltr'><strong>vastationes</strong></span> <span class='ocrx_word' id='word_1_220' title='bbox 365 2087 445 2132; x_wconf 92' lang='lat' dir='ltr'><strong>cum</strong></span> <span class='ocrx_word' id='word_1_221' title='bbox 468 2063 555 2132; x_wconf 84' lang='lat' dir='ltr'><strong>alibi</strong></span> <span class='ocrx_word' id='word_1_222' title='bbox 580 2065 686 2152; x_wconf 88' lang='lat' dir='ltr'><strong>liant,</strong></span> <span class='ocrx_word' id='word_1_223' title='bbox 712 2085 777 2134; x_wconf 88' lang='lat' dir='ltr'><strong>nos</strong></span> <span class='ocrx_word' id='word_1_224' title='bbox 795 2063 900 2134; x_wconf 90' lang='lat' dir='ltr'><strong>etiam</strong></span> <span class='ocrx_word' id='word_1_225' title='bbox 918 2064 1044 2134; x_wconf 91' lang='lat' dir='ltr'><strong>duram</strong></span> 
     </span>
     <span class='ocr_line' id='line_1_21' title="bbox 58 2161 1043 2262; baseline 0 -30"><span class='ocrx_word' id='word_1_226' title='bbox 58 2164 254 2234; x_wconf 86' lang='lat' dir='ltr'><strong>servitutem</strong></span> <span class='ocrx_word' id='word_1_227' title='bbox 276 2162 404 2253; x_wconf 88' lang='lat' dir='ltr'><strong>(modo</strong></span> <span class='ocrx_word' id='word_1_228' title='bbox 427 2161 473 2234; x_wconf 90' lang='lat' dir='ltr'><strong>sit</strong></span> <span class='ocrx_word' id='word_1_229' title='bbox 494 2165 571 2236; x_wconf 91' lang='lat' dir='ltr'><strong>siue</strong></span> <span class='ocrx_word' id='word_1_230' title='bbox 594 2161 798 2262; x_wconf 84' lang='lat' dir='ltr'><strong>impietate)</strong></span> <span class='ocrx_word' id='word_1_231' title='bbox 823 2165 1043 2236; x_wconf 87' lang='lat' dir='ltr'><strong>tolerandam</strong></span> 
     </span>
    </p>
   </div>
   <div class='ocr_carea' id='block_1_7' title="bbox 1092 1953 2088 2265">
    <p class='ocr_par' dir='ltr' id='par_1_7' title="bbox 1092 1953 2088 2265">
     <span class='ocr_line' id='line_1_22' title="bbox 1096 1953 2086 2062; baseline 0.016 -37"><span class='ocrx_word' id='word_1_232' title='bbox 1096 1953 1230 2028; x_wconf 87' lang='lat' dir='ltr'><strong>lterum</strong></span> <span class='ocrx_word' id='word_1_233' title='bbox 1251 1983 1271 2029; x_wconf 88' lang='lat' dir='ltr'><strong>a</strong></span> <span class='ocrx_word' id='word_1_234' title='bbox 1294 1981 1432 2032; x_wconf 89' lang='lat' dir='ltr'><strong>summo</strong></span> <span class='ocrx_word' id='word_1_235' title='bbox 1456 1987 1559 2034; x_wconf 91' lang='lat' dir='ltr'><strong>mane</strong></span> <span class='ocrx_word' id='word_1_236' title='bbox 1589 1967 1794 2062; x_wconf 82' lang='lat' dir='ltr'><strong>ferensque</strong></span> <span class='ocrx_word' id='word_1_237' title='bbox 1821 1973 1865 2041; x_wconf 90' lang='lat' dir='ltr'><strong>ad</strong></span> <span class='ocrx_word' id='word_1_238' title='bbox 1896 1973 2086 2042; x_wconf 87' lang='lat' dir='ltr'><strong>secundam</strong></span> 
     </span>
     <span class='ocr_line' id='line_1_23' title="bbox 1092 2053 2088 2166; baseline 0.017 -40"><span class='ocrx_word' id='word_1_239' title='bbox 1092 2053 1278 2138; x_wconf 77' lang='lat' dir='ltr'><strong>†horam”</strong></span> <span class='ocrx_word' id='word_1_240' title='bbox 1294 2085 1313 2128; x_wconf 88' lang='lat' dir='ltr'><strong>a</strong></span> <span class='ocrx_word' id='word_1_241' title='bbox 1328 2063 1476 2134; x_wconf 89' lang='lat' dir='ltr'><strong>meridie</strong></span> <span class='ocrx_word' id='word_1_242' title='bbox 1489 2066 1687 2138; x_wconf 89' lang='lat' dir='ltr'><strong>laboratum</strong></span> <span class='ocrx_word' id='word_1_243' title='bbox 1704 2083 1774 2153; x_wconf 90' lang='lat' dir='ltr'><strong>est,</strong></span> <span class='ocrx_word' id='word_1_244' title='bbox 1796 2085 1985 2166; x_wconf 90' lang='lat' dir='ltr'><strong>antequam</strong></span> <span class='ocrx_word' id='word_1_245' title='bbox 1998 2097 2088 2142; x_wconf 86' lang='lat' dir='ltr'><strong>con·</strong></span> 
     </span>
     <span class='ocr_line' id='line_1_24' title="bbox 1092 2159 2088 2265; baseline 0.017 -38"><span class='ocrx_word' id='word_1_246' title='bbox 1092 2159 1147 2229; x_wconf 90' lang='lat' dir='ltr'><strong>sul</strong></span> <span class='ocrx_word' id='word_1_247' title='bbox 1163 2163 1319 2252; x_wconf 90' lang='lat' dir='ltr'><strong>potuerit</strong></span> <span class='ocrx_word' id='word_1_248' title='bbox 1333 2164 1452 2254; x_wconf 80' lang='lat' dir='ltr'><strong>deligi.</strong></span> <span class='ocrx_word' id='word_1_249' title='bbox 1502 2163 1659 2240; x_wconf 88' lang='lat' dir='ltr'><strong>Ditiorcs</strong></span> <span class='ocrx_word' id='word_1_250' title='bbox 1673 2171 1806 2265; x_wconf 84' lang='lat' dir='ltr'><strong>quique</strong></span> <span class='ocrx_word' id='word_1_251' title='bbox 1829 2175 1873 2245; x_wconf 93' lang='lat' dir='ltr'><strong>ad</strong></span> <span class='ocrx_word' id='word_1_252' title='bbox 1895 2169 1946 2247; x_wconf 84' lang='lat'><strong>50</strong></span> <span class='ocrx_word' id='word_1_253' title='bbox 1960 2197 2088 2244; x_wconf 82' lang='lat' dir='ltr'><strong>nume·</strong></span> 
     </span>
    </p>
   </div>
   <div class='ocr_carea' id='block_1_8' title="bbox 55 2255 2087 2566">
    <p class='ocr_par' dir='ltr' id='par_1_8' title="bbox 55 2255 2087 2566">
     <span class='ocr_line' id='line_1_25' title="bbox 58 2255 2086 2368; baseline 0.006 -34"><span class='ocrx_word' id='word_1_254' title='bbox 58 2288 121 2335; x_wconf 88' lang='lat' dir='ltr'><strong>esse</strong></span> <span class='ocrx_word' id='word_1_255' title='bbox 142 2265 264 2357; x_wconf 89' lang='lat' dir='ltr'><strong>potius</strong></span> <span class='ocrx_word' id='word_1_256' title='bbox 290 2263 547 2351; x_wconf 90' lang='lat' dir='ltr'><strong>existimamus,</strong></span> <span class='ocrx_word' id='word_1_257' title='bbox 581 2291 684 2361; x_wconf 86' lang='lat' dir='ltr'><strong>quam</strong></span> <span class='ocrx_word' id='word_1_258' title='bbox 714 2266 968 2336; x_wconf 88' lang='lat' dir='ltr'><strong>discedendum</strong></span> <span class='ocrx_word' id='word_1_259' title='bbox 998 2268 1043 2336; x_wconf 92' lang='lat' dir='ltr'><strong>ab</strong></span> <span class='ocrx_word' id='word_1_260' title='bbox 1091 2255 1177 2356; x_wconf 68' lang='grc' dir='ltr'><strong>ω’)</strong></span> <span class='ocrx_word' id='word_1_261' title='bbox 1195 2275 1229 2332; x_wconf 89' lang='grc' dir='ltr'><strong>ει</strong></span> <span class='ocrx_word' id='word_1_262' title='bbox 1245 2285 1350 2356; x_wconf 88' lang='lat' dir='ltr'><strong>supra</strong></span> <span class='ocrx_word' id='word_1_263' title='bbox 1369 2267 1568 2356; x_wconf 81' lang='lat' dir='ltr'><strong>migrarunt</strong></span> <span class='ocrx_word' id='word_1_264' title='bbox 1590 2263 1692 2357; x_wconf 91' lang='lat' dir='ltr'><strong>binc,</strong></span> <span class='ocrx_word' id='word_1_265' title='bbox 1717 2297 1797 2342; x_wconf 88' lang='lat' dir='ltr'><strong>com</strong></span> <span class='ocrx_word' id='word_1_266' title='bbox 1814 2271 2010 2368; x_wconf 89' lang='lat' dir='ltr'><strong>lmperator</strong></span> <span class='ocrx_word' id='word_1_267' title='bbox 2030 2299 2086 2346; x_wconf 88' lang='lat' dir='ltr'><strong>cs·</strong></span> 
     </span>
     <span class='ocr_line' id='line_1_26' title="bbox 55 2361 2085 2472; baseline 0.012 -48"><span class='ocrx_word' id='word_1_268' title='bbox 55 2363 246 2451; x_wconf 57' lang='grc' dir='ltr'><strong>Εςςιρςῑῑς.Ι</strong></span> <span class='ocrx_word' id='word_1_269' title='bbox 281 2363 392 2438; x_wconf 61' lang='lat' dir='ltr'><strong>Darae</strong></span> <span class='ocrx_word' id='word_1_270' title='bbox 414 2365 667 2450; x_wconf 67' lang='lat' dir='ltr'><strong>11,lanuaaii,</strong></span> <span class='ocrx_word' id='word_1_271' title='bbox 691 2363 867 2444; x_wconf 68' lang='lat' dir='ltr'><strong>ann049,</strong></span> <span class='ocrx_word' id='word_1_272' title='bbox 917 2365 1045 2440; x_wconf 76' lang='lat' dir='ltr'><strong>Wira-</strong></span> <span class='ocrx_word' id='word_1_273' title='bbox 1091 2377 1144 2434; x_wconf 90' lang='lat' dir='ltr'><strong>set</strong></span> <span class='ocrx_word' id='word_1_274' title='bbox 1165 2361 1301 2455; x_wconf 87' lang='lat' dir='ltr'><strong>Spirae.</strong></span> <span class='ocrx_word' id='word_1_275' title='bbox 1352 2364 1498 2438; x_wconf 90' lang='lat' dir='ltr'><strong>Iamiam</strong></span> <span class='ocrx_word' id='word_1_276' title='bbox 1520 2369 1616 2439; x_wconf 88' lang='lat' dir='ltr'><strong>enim</strong></span> <span class='ocrx_word' id='word_1_277' title='bbox 1638 2372 1933 2472; x_wconf 81' lang='lat' dir='ltr'><strong>fulminantem⁷)</strong></span> <span class='ocrx_word' id='word_1_278' title='bbox 1957 2377 1996 2444; x_wconf 91' lang='lat' dir='ltr'><strong>in</strong></span> <span class='ocrx_word' id='word_1_279' title='bbox 2018 2399 2085 2448; x_wconf 87' lang='lat' dir='ltr'><strong>nos</strong></span> 
     </span>
     <span class='ocr_line' id='line_1_27' title="bbox 57 2465 2087 2566; baseline 0.01 -38"><span class='ocrx_word' id='word_1_280' title='bbox 57 2469 183 2558; x_wconf 62' lang='lat' dir='ltr'><strong>burgae,</strong></span> <span class='ocrx_word' id='word_1_281' title='bbox 1091 2465 1382 2557; x_wconf 87' lang='lat' dir='ltr'><strong>proscriptionem</strong></span> <span class='ocrx_word' id='word_1_282' title='bbox 1399 2471 1600 2561; x_wconf 88' lang='lat' dir='ltr'><strong>persuaderi</strong></span> <span class='ocrx_word' id='word_1_283' title='bbox 1621 2473 1689 2542; x_wconf 91' lang='lat' dir='ltr'><strong>sibi</strong></span> <span class='ocrx_word' id='word_1_284' title='bbox 1705 2476 1798 2566; x_wconf 88' lang='lat' dir='ltr'><strong>passi</strong></span> <span class='ocrx_word' id='word_1_285' title='bbox 1812 2478 1956 2548; x_wconf 88' lang='lat' dir='ltr'><strong>luerunt</strong></span> <span class='ocrx_word' id='word_1_286' title='bbox 1971 2477 2087 2549; x_wconf 87' lang='lat' dir='ltr'><strong>literis</strong></span> 
     </span>
    </p>
   </div>
   <div class='ocr_carea' id='block_1_9' title="bbox 217 2563 1042 2768">
    <p class='ocr_par' dir='ltr' id='par_1_9' title="bbox 217 2563 1042 2768">
     <span class='ocr_line' id='line_1_28' title="bbox 217 2563 1042 2664; baseline -0.002 -24"><span class='ocrx_word' id='word_1_287' title='bbox 217 2563 634 2660; x_wconf 78' lang='lat' dir='ltr'><strong>loannesBugenhagius</strong></span> <span class='ocrx_word' id='word_1_288' title='bbox 658 2567 702 2644; x_wconf 88' lang='lat' dir='ltr'><strong>D.</strong></span> <span class='ocrx_word' id='word_1_289' title='bbox 725 2583 844 2664; x_wconf 90' lang='lat' dir='ltr'><strong>pastor</strong></span> <span class='ocrx_word' id='word_1_290' title='bbox 862 2565 1042 2642; x_wconf 85' lang='lat' dir='ltr'><strong>Ecclesiae</strong></span> 
     </span>
     <span class='ocr_line' id='line_1_29' title="bbox 245 2666 1041 2768; baseline 0.001 -26"><span class='ocrx_word' id='word_1_291' title='bbox 245 2668 584 2762; x_wconf 83' lang='lat' dir='ltr'><strong>Witembergensis:</strong></span> <span class='ocrx_word' id='word_1_292' title='bbox 610 2666 799 2768; x_wconf 80' lang='lat' dir='ltr'><strong>Philippus</strong></span> <span class='ocrx_word' id='word_1_293' title='bbox 816 2667 1041 2748; x_wconf 85' lang='lat' dir='ltr'><strong>Melanthea.</strong></span> 
     </span>
    </p>
   </div>
   <div class='ocr_carea' id='block_1_10' title="bbox 54 3057 236 3188">
    <p class='ocr_par' dir='ltr' id='par_1_10' title="bbox 54 3057 236 3188">
     <span class='ocr_line' id='line_1_30' title="bbox 54 3057 236 3188; baseline 0.011 -56"><span class='ocrx_word' id='word_1_294' title='bbox 54 3057 236 3188; x_wconf 56' lang='lat' dir='ltr'><strong>Q.</strong></span> 
     </span>
    </p>
   </div>
   <div class='ocr_carea' id='block_1_11' title="bbox 877 3061 1015 3138">
    <p class='ocr_par' dir='ltr' id='par_1_11' title="bbox 877 3061 1015 3138">
     <span class='ocr_line' id='line_1_31' title="bbox 877 3061 1015 3138; baseline 0 -9"><span class='ocrx_word' id='word_1_295' title='bbox 877 3073 937 3138; x_wconf 79' lang='lat'><strong>11.</strong></span> <span class='ocrx_word' id='word_1_296' title='bbox 949 3061 1015 3129; x_wconf 87' lang='lat' dir='ltr'><strong>Ian.</strong></span> 
     </span>
    </p>
   </div>
   <div class='ocr_carea' id='block_1_12' title="bbox 860 3153 1031 3186">
    <p class='ocr_par' dir='ltr' id='par_1_12' title="bbox 860 3153 1031 3186">
     <span class='ocr_line' id='line_1_32' title="bbox 860 3153 1031 3186; baseline -0.018 0"><span class='ocrx_word' id='word_1_297' title='bbox 860 3153 1031 3186; x_wconf 53' lang='grc' dir='ltr'><strong>Μ</strong></span> 
     </span>
    </p>
   </div>
   <div class='ocr_carea' id='block_1_13' title="bbox 198 3259 885 3350">
    <p class='ocr_par' dir='ltr' id='par_1_13' title="bbox 198 3259 885 3350">
     <span class='ocr_line' id='line_1_33' title="bbox 198 3259 885 3350; baseline -0.007 -2"><span class='ocrx_word' id='word_1_298' title='bbox 198 3261 407 3350; x_wconf 77' lang='lat' dir='ltr'><strong>Burcana</strong></span> <span class='ocrx_word' id='word_1_299' title='bbox 433 3259 500 3346; x_wconf 75' lang='grc' dir='ltr'><strong>αι)</strong></span> <span class='ocrx_word' id='word_1_300' title='bbox 526 3261 885 3347; x_wconf 81' lang='lat' dir='ltr'><strong>Melantdoucm.</strong></span> 
     </span>
    </p>
   </div>
   <div class='ocr_carea' id='block_1_14' title="bbox 112 3416 1037 3644">
    <p class='ocr_par' dir='ltr' id='par_1_14' title="bbox 112 3416 1037 3644">
     <span class='ocr_line' id='line_1_34' title="bbox 112 3416 1037 3493; baseline 0.003 -16"><span class='ocrx_word' id='word_1_301' title='bbox 112 3424 208 3492; x_wconf 63' lang='lat' dir='ltr'><strong>Edita„</strong></span> <span class='ocrx_word' id='word_1_302' title='bbox 228 3421 276 3476; x_wconf 84' lang='lat' dir='ltr'><strong>sed</strong></span> <span class='ocrx_word' id='word_1_303' title='bbox 296 3441 354 3475; x_wconf 90' lang='lat' dir='ltr'><strong>non</strong></span> <span class='ocrx_word' id='word_1_304' title='bbox 377 3423 496 3493; x_wconf 64' lang='lat' dir='ltr'><strong>integra,</strong></span> <span class='ocrx_word' id='word_1_305' title='bbox 529 3421 556 3476; x_wconf 87' lang='lat' dir='ltr'><strong>in</strong></span> <span class='ocrx_word' id='word_1_306' title='bbox 580 3423 626 3482; x_wconf 72' lang='lat' dir='ltr'><strong>bet</strong></span> <span class='ocrx_word' id='word_1_307' title='bbox 651 3435 733 3480; x_wconf 80' lang='lat' dir='ltr'><strong>acuta</strong></span> <span class='ocrx_word' id='word_1_308' title='bbox 753 3416 909 3492; x_wconf 49' lang='lat' dir='ltr'><strong>biblioth!</strong></span> <span class='ocrx_word' id='word_1_309' title='bbox 928 3419 1037 3492; x_wconf 68' lang='lat' dir='ltr'><strong>seltener</strong></span> 
     </span>
     <span class='ocr_line' id='line_1_35' title="bbox 140 3489 1037 3574; baseline -0.012 -23"><span class='ocrx_word' id='word_1_310' title='bbox 140 3492 263 3568; x_wconf 59' lang='lat' dir='ltr'><strong>numer.</strong></span> <span class='ocrx_word' id='word_1_311' title='bbox 280 3503 332 3550; x_wconf 84' lang='lat' dir='ltr'><strong>son</strong></span> <span class='ocrx_word' id='word_1_312' title='bbox 345 3491 518 3560; x_wconf 67' lang='lat' dir='ltr'><strong>unumst.</strong></span> <span class='ocrx_word' id='word_1_313' title='bbox 533 3489 595 3546; x_wconf 80' lang='lat' dir='ltr'><strong>vot.</strong></span> <span class='ocrx_word' id='word_1_314' title='bbox 603 3493 625 3548; x_wconf 89' lang='lat'><strong>1.</strong></span> <span class='ocrx_word' id='word_1_315' title='bbox 637 3511 662 3563; x_wconf 81' lang='lat' dir='ltr'><strong>p.</strong></span> <span class='ocrx_word' id='word_1_316' title='bbox 672 3495 730 3560; x_wconf 79' lang='lat' dir='ltr'><strong>trs,</strong></span> <span class='ocrx_word' id='word_1_317' title='bbox 749 3490 819 3544; x_wconf 76' lang='lat' dir='ltr'><strong>baud</strong></span> <span class='ocrx_word' id='word_1_318' title='bbox 829 3491 911 3544; x_wconf 75' lang='lat' dir='ltr'><strong>tuate</strong></span> <span class='ocrx_word' id='word_1_319' title='bbox 925 3503 1037 3574; x_wconf 57' lang='lat' dir='ltr'><strong>serape».</strong></span> 
     </span>
     <span class='ocr_line' id='line_1_36' title="bbox 141 3558 1035 3644; baseline -0.009 -26"><span class='ocrx_word' id='word_1_320' title='bbox 141 3571 245 3638; x_wconf 74' lang='lat' dir='ltr'><strong>grapbo</strong></span> <span class='ocrx_word' id='word_1_321' title='bbox 261 3560 290 3614; x_wconf 85' lang='lat' dir='ltr'><strong>in</strong></span> <span class='ocrx_word' id='word_1_322' title='bbox 304 3565 367 3617; x_wconf 85' lang='lat' dir='ltr'><strong>cod.</strong></span> <span class='ocrx_word' id='word_1_323' title='bbox 383 3559 593 3626; x_wconf 79' lang='lat' dir='ltr'><strong>llummeliauo,</strong></span> <span class='ocrx_word' id='word_1_324' title='bbox 611 3559 658 3644; x_wconf 71' lang='lat' dir='ltr'><strong>qui</strong></span> <span class='ocrx_word' id='word_1_325' title='bbox 672 3579 747 3616; x_wconf 82' lang='lat' dir='ltr'><strong>nans</strong></span> <span class='ocrx_word' id='word_1_326' title='bbox 759 3558 1035 3618; x_wconf 75' lang='lat' dir='ltr'><strong>urmoascanosuo.</strong></span> 
     </span>
    </p>
   </div>
   <div class='ocr_carea' id='block_1_15' title="bbox 140 3627 1077 3700">
    <p class='ocr_par' dir='ltr' id='par_1_15' title="bbox 140 3627 1077 3700">
     <span class='ocr_line' id='line_1_37' title="bbox 140 3627 1077 3700; baseline -0.006 -12"><span class='ocrx_word' id='word_1_327' title='bbox 140 3653 188 3688; x_wconf 88' lang='lat' dir='ltr'><strong>no.</strong></span> <span class='ocrx_word' id='word_1_328' title='bbox 209 3631 273 3686; x_wconf 86' lang='lat' dir='ltr'><strong>Vll.</strong></span> <span class='ocrx_word' id='word_1_329' title='bbox 292 3649 318 3700; x_wconf 88' lang='lat' dir='ltr'><strong>p.</strong></span> <span class='ocrx_word' id='word_1_330' title='bbox 340 3631 400 3686; x_wconf 73' lang='lat'><strong>816.</strong></span> <span class='ocrx_word' id='word_1_331' title='bbox 419 3658 455 3672; x_wconf 93' lang='lat'><em>-</em></span> <span class='ocrx_word' id='word_1_332' title='bbox 491 3627 662 3684; x_wconf 76' lang='lat' dir='ltr'><strong>Buuamaluaa</strong></span> <span class='ocrx_word' id='word_1_333' title='bbox 681 3629 782 3698; x_wconf 83' lang='lat' dir='ltr'><strong>multa,</strong></span> <span class='ocrx_word' id='word_1_334' title='bbox 806 3627 976 3697; x_wconf 84' lang='lat' dir='ltr'><strong>potissimum</strong></span> <span class='ocrx_word' id='word_1_335' title='bbox 996 3650 1037 3698; x_wconf 81' lang='lat' dir='ltr'><strong>aa,</strong></span> <span class='ocrx_word' id='word_1_336' title='bbox 1069 3675 1077 3682; x_wconf 92' lang='lat'><strong>.</strong></span> 
     </span>
    </p>
   </div>
   <div class='ocr_carea' id='block_1_16' title="bbox 137 3695 1034 3910">
    <p class='ocr_par' dir='ltr' id='par_1_16' title="bbox 137 3695 1034 3910">
     <span class='ocr_line' id='line_1_38' title="bbox 137 3695 1032 3816; baseline -0.003 -61"><span class='ocrx_word' id='word_1_337' title='bbox 137 3721 207 3773; x_wconf 85' lang='lat' dir='ltr'><strong>quae</strong></span> <span class='ocrx_word' id='word_1_338' title='bbox 221 3701 293 3754; x_wconf 86' lang='lat' dir='ltr'><strong>male</strong></span> <span class='ocrx_word' id='word_1_339' title='bbox 305 3699 437 3770; x_wconf 86' lang='lat' dir='ltr'><strong>descripta</strong></span> <span class='ocrx_word' id='word_1_340' title='bbox 449 3705 528 3764; x_wconf 79' lang='lat' dir='ltr'><strong>sunt,</strong></span> <span class='ocrx_word' id='word_1_341' title='bbox 540 3696 730 3780; x_wconf 76' lang='lat' dir='ltr'><strong>praetermisit.</strong></span> <span class='ocrx_word' id='word_1_342' title='bbox 766 3695 949 3816; x_wconf 57' lang='lat' dir='ltr'><strong>Apoprapbon</strong></span> <span class='ocrx_word' id='word_1_343' title='bbox 960 3698 1032 3781; x_wconf 75' lang='lat' dir='ltr'><strong>cuim</strong></span> 
     </span>
     <span class='ocr_line' id='line_1_39' title="bbox 158 3765 1034 3838; baseline -0.005 -14"><span class='ocrx_word' id='word_1_344' title='bbox 158 3771 241 3826; x_wconf 86' lang='lat' dir='ltr'><strong>assim</strong></span> <span class='ocrx_word' id='word_1_345' title='bbox 262 3771 492 3832; x_wconf 79' lang='lat' dir='ltr'><strong>sumendorum,</strong></span> <span class='ocrx_word' id='word_1_346' title='bbox 512 3781 600 3838; x_wconf 77' lang='lat' dir='ltr'><strong>quum</strong></span> <span class='ocrx_word' id='word_1_347' title='bbox 615 3767 711 3823; x_wconf 79' lang='lat' dir='ltr'><strong>Bucen</strong></span> <span class='ocrx_word' id='word_1_348' title='bbox 727 3783 822 3820; x_wconf 86' lang='lat' dir='ltr'><strong>manua</strong></span> <span class='ocrx_word' id='word_1_349' title='bbox 846 3774 906 3818; x_wconf 83' lang='lat' dir='ltr'><strong>esta</strong></span> <span class='ocrx_word' id='word_1_350' title='bbox 920 3765 1034 3822; x_wconf 78' lang='lat' dir='ltr'><strong>daldcal-</strong></span> 
     </span>
     <span class='ocr_line' id='line_1_40' title="bbox 138 3791 949 3910; baseline -0.009 -16"><span class='ocrx_word' id='word_1_351' title='bbox 138 3791 203 3896; x_wconf 64' lang='lat' dir='ltr'><strong>Euaa</strong></span> <span class='ocrx_word' id='word_1_352' title='bbox 216 3837 264 3893; x_wconf 85' lang='lat' dir='ltr'><strong>sit.</strong></span> <span class='ocrx_word' id='word_1_353' title='bbox 300 3835 353 3893; x_wconf 77' lang='lat' dir='ltr'><strong>liis</strong></span> <span class='ocrx_word' id='word_1_354' title='bbox 365 3836 469 3910; x_wconf 72' lang='lat' dir='ltr'><strong>integra</strong></span> <span class='ocrx_word' id='word_1_355' title='bbox 486 3854 517 3890; x_wconf 87' lang='lat' dir='ltr'><strong>aa</strong></span> <span class='ocrx_word' id='word_1_356' title='bbox 529 3835 682 3910; x_wconf 75' lang='lat' dir='ltr'><strong>apographo</strong></span> <span class='ocrx_word' id='word_1_357' title='bbox 696 3833 854 3890; x_wconf 82' lang='lat' dir='ltr'><strong>Monacensi</strong></span> <span class='ocrx_word' id='word_1_358' title='bbox 866 3831 949 3892; x_wconf 84' lang='lat' dir='ltr'><strong>edita.</strong></span> 
     </span>
    </p>
   </div>
   <div class='ocr_carea' id='block_1_17' title="bbox 70 3969 1009 4071">
    <p class='ocr_par' dir='ltr' id='par_1_17' title="bbox 70 3969 1009 4071">
     <span class='ocr_line' id='line_1_41' title="bbox 70 3969 1009 4071; baseline -0.006 -2"><span class='ocrx_word' id='word_1_359' title='bbox 70 3989 186 4071; x_wconf 78' lang='lat' dir='ltr'><strong>Mart.</strong></span> <span class='ocrx_word' id='word_1_360' title='bbox 211 3989 381 4068; x_wconf 78' lang='lat' dir='ltr'><strong>Bararus</strong></span> <span class='ocrx_word' id='word_1_361' title='bbox 406 3985 463 4064; x_wconf 81' lang='lat' dir='ltr'><strong>ad</strong></span> <span class='ocrx_word' id='word_1_362' title='bbox 484 3983 608 4068; x_wconf 76' lang='lat' dir='ltr'><strong>Phil.</strong></span> <span class='ocrx_word' id='word_1_363' title='bbox 632 3983 692 4063; x_wconf 90' lang='lat' dir='ltr'><em>M</em></span> <span class='ocrx_word' id='word_1_364' title='bbox 699 3969 1009 4064; x_wconf 68' lang='lat' dir='ltr'><strong>structorum.</strong></span> 
     </span>
    </p>
   </div>
   <div class='ocr_carea' id='block_1_18' title="bbox 48 4129 1034 5250">
    <p class='ocr_par' dir='ltr' id='par_1_18' title="bbox 48 4129 1034 4930">
     <span class='ocr_line' id='line_1_42' title="bbox 51 4129 1032 4232; baseline -0.003 -18"><span class='ocrx_word' id='word_1_365' title='bbox 51 4129 221 4217; x_wconf 79' lang='lat' dir='ltr'><strong>Aeternus</strong></span> <span class='ocrx_word' id='word_1_366' title='bbox 236 4141 331 4214; x_wconf 84' lang='lat' dir='ltr'><strong>filius</strong></span> <span class='ocrx_word' id='word_1_367' title='bbox 338 4137 406 4212; x_wconf 91' lang='lat' dir='ltr'><strong>Dei</strong></span> <span class='ocrx_word' id='word_1_368' title='bbox 420 4160 649 4232; x_wconf 86' lang='lat' dir='ltr'><strong>summusque</strong></span> <span class='ocrx_word' id='word_1_369' title='bbox 658 4139 862 4210; x_wconf 89' lang='lat' dir='ltr'><strong>moderator</strong></span> <span class='ocrx_word' id='word_1_370' title='bbox 871 4139 1032 4211; x_wconf 89' lang='lat' dir='ltr'><strong>omnium</strong></span> 
     </span>
     <span class='ocr_line' id='line_1_43' title="bbox 50 4237 1033 4338; baseline -0.003 -24"><span class='ocrx_word' id='word_1_371' title='bbox 50 4259 77 4314; x_wconf 88' lang='lat' dir='ltr'><strong>et</strong></span> <span class='ocrx_word' id='word_1_372' title='bbox 89 4259 284 4338; x_wconf 89' lang='lat' dir='ltr'><strong>temporum</strong></span> <span class='ocrx_word' id='word_1_373' title='bbox 299 4256 334 4314; x_wconf 91' lang='lat' dir='ltr'><strong>et</strong></span> <span class='ocrx_word' id='word_1_374' title='bbox 348 4237 536 4338; x_wconf 81' lang='lat' dir='ltr'><strong>hominum</strong></span> <span class='ocrx_word' id='word_1_375' title='bbox 553 4240 638 4314; x_wconf 88' lang='lat' dir='ltr'><strong>velit</strong></span> <span class='ocrx_word' id='word_1_376' title='bbox 655 4241 824 4312; x_wconf 86' lang='lat' dir='ltr'><strong>vertentis</strong></span> <span class='ocrx_word' id='word_1_377' title='bbox 844 4240 932 4310; x_wconf 87' lang='lat' dir='ltr'><strong>anni</strong></span> <span class='ocrx_word' id='word_1_378' title='bbox 950 4266 1033 4332; x_wconf 86' lang='lat' dir='ltr'><strong>mo·</strong></span> 
     </span>
     <span class='ocr_line' id='line_1_44' title="bbox 49 4339 1034 4434; baseline -0.001 -20"><span class='ocrx_word' id='word_1_379' title='bbox 49 4362 153 4420; x_wconf 88' lang='lat' dir='ltr'><strong>menta</strong></span> <span class='ocrx_word' id='word_1_380' title='bbox 172 4361 208 4418; x_wconf 89' lang='lat' dir='ltr'><strong>et</strong></span> <span class='ocrx_word' id='word_1_381' title='bbox 231 4343 420 4418; x_wconf 87' lang='lat' dir='ltr'><strong>hominum</strong></span> <span class='ocrx_word' id='word_1_382' title='bbox 442 4343 549 4414; x_wconf 87' lang='lat' dir='ltr'><strong>corda</strong></span> <span class='ocrx_word' id='word_1_383' title='bbox 569 4339 619 4413; x_wconf 92' lang='lat' dir='ltr'><strong>sic</strong></span> <span class='ocrx_word' id='word_1_384' title='bbox 644 4365 785 4434; x_wconf 83' lang='lat' dir='ltr'><strong>regere,</strong></span> <span class='ocrx_word' id='word_1_385' title='bbox 810 4353 850 4411; x_wconf 89' lang='lat' dir='ltr'><strong>ut</strong></span> <span class='ocrx_word' id='word_1_386' title='bbox 864 4354 935 4412; x_wconf 86' lang='lat' dir='ltr'><strong>tam</strong></span> <span class='ocrx_word' id='word_1_387' title='bbox 951 4343 1034 4413; x_wconf 90' lang='lat' dir='ltr'><strong>diu-</strong></span> 
     </span>
     <span class='ocr_line' id='line_1_45' title="bbox 49 4443 1031 4528; baseline 0.001 -14"><span class='ocrx_word' id='word_1_388' title='bbox 49 4459 222 4520; x_wconf 88' lang='lat' dir='ltr'><strong>turnorum</strong></span> <span class='ocrx_word' id='word_1_389' title='bbox 247 4447 467 4518; x_wconf 80' lang='lat' dir='ltr'><strong>cruciatuum</strong></span> <span class='ocrx_word' id='word_1_390' title='bbox 491 4444 520 4514; x_wconf 90' lang='lat' dir='ltr'><strong>si</strong></span> <span class='ocrx_word' id='word_1_391' title='bbox 537 4467 611 4514; x_wconf 90' lang='lat' dir='ltr'><strong>non</strong></span> <span class='ocrx_word' id='word_1_392' title='bbox 625 4443 891 4528; x_wconf 87' lang='lat' dir='ltr'><strong>liberationem,</strong></span> <span class='ocrx_word' id='word_1_393' title='bbox 913 4455 1031 4515; x_wconf 83' lang='lat' dir='ltr'><strong>tameo</strong></span> 
     </span>
     <span class='ocr_line' id='line_1_46' title="bbox 50 4543 1032 4644; baseline -0.002 -28"><span class='ocrx_word' id='word_1_394' title='bbox 50 4548 297 4644; x_wconf 81' lang='lat' dir='ltr'><strong>aliquantulum</strong></span> <span class='ocrx_word' id='word_1_395' title='bbox 336 4545 539 4642; x_wconf 87' lang='lat' dir='ltr'><strong>percipiatis</strong></span> <span class='ocrx_word' id='word_1_396' title='bbox 578 4548 722 4616; x_wconf 89' lang='lat' dir='ltr'><strong>tandem</strong></span> <span class='ocrx_word' id='word_1_397' title='bbox 763 4543 1032 4636; x_wconf 82' lang='lat' dir='ltr'><strong>mitigationem,</strong></span> 
     </span>
     <span class='ocr_line' id='line_1_47' title="bbox 49 4643 1030 4746; baseline -0.009 -21"><span class='ocrx_word' id='word_1_398' title='bbox 49 4654 197 4742; x_wconf 77' lang='lat' dir='ltr'><strong>repressis</strong></span> <span class='ocrx_word' id='word_1_399' title='bbox 219 4650 343 4736; x_wconf 84' lang='lat' dir='ltr'><strong>†voee</strong></span> <span class='ocrx_word' id='word_1_400' title='bbox 363 4643 507 4746; x_wconf 83' lang='lat' dir='ltr'><strong>eius”¹)</strong></span> <span class='ocrx_word' id='word_1_401' title='bbox 528 4649 643 4720; x_wconf 86' lang='lat' dir='ltr'><strong>ventis</strong></span> <span class='ocrx_word' id='word_1_402' title='bbox 666 4673 706 4720; x_wconf 87' lang='lat' dir='ltr'><strong>ac</strong></span> <span class='ocrx_word' id='word_1_403' title='bbox 730 4647 916 4732; x_wconf 86' lang='lat' dir='ltr'><strong>fluctibus,</strong></span> <span class='ocrx_word' id='word_1_404' title='bbox 949 4649 1030 4740; x_wconf 84' lang='lat' dir='ltr'><strong>qui-</strong></span> 
     </span>
     <span class='ocr_line' id='line_1_48' title="bbox 48 4747 1030 4845; baseline -0.003 -23"><span class='ocrx_word' id='word_1_405' title='bbox 48 4747 103 4822; x_wconf 85' lang='lat' dir='ltr'><strong>bus</strong></span> <span class='ocrx_word' id='word_1_406' title='bbox 137 4753 303 4826; x_wconf 80' lang='lat' dir='ltr'><strong>ecdesiae</strong></span> <span class='ocrx_word' id='word_1_407' title='bbox 337 4754 429 4824; x_wconf 81' lang='lat' dir='ltr'><strong>adeo</strong></span> <span class='ocrx_word' id='word_1_408' title='bbox 470 4774 568 4822; x_wconf 90' lang='lat' dir='ltr'><strong>nunc</strong></span> <span class='ocrx_word' id='word_1_409' title='bbox 608 4749 805 4845; x_wconf 86' lang='lat' dir='ltr'><strong>perniciose</strong></span> <span class='ocrx_word' id='word_1_410' title='bbox 845 4749 1030 4835; x_wconf 88' lang='lat' dir='ltr'><strong>iactantur,</strong></span> 
     </span>
     <span class='ocr_line' id='line_1_49' title="bbox 49 4851 159 4930; baseline 0.091 -10"><span class='ocrx_word' id='word_1_411' title='bbox 49 4851 159 4930; x_wconf 79' lang='lat' dir='ltr'><strong>toan.</strong></span> 
     </span>
    </p>

    <p class='ocr_par' dir='ltr' id='par_1_19' title="bbox 49 4947 1029 5250">
     <span class='ocr_line' id='line_1_50' title="bbox 132 4947 1029 5048; baseline -0.002 -22"><span class='ocrx_word' id='word_1_412' title='bbox 132 4955 206 5026; x_wconf 80' lang='lat' dir='ltr'><strong>uos</strong></span> <span class='ocrx_word' id='word_1_413' title='bbox 229 4965 374 5048; x_wconf 87' lang='lat' dir='ltr'><strong>pmpter</strong></span> <span class='ocrx_word' id='word_1_414' title='bbox 392 4951 590 5024; x_wconf 83' lang='lat' dir='ltr'><strong>vicinarum</strong></span> <span class='ocrx_word' id='word_1_415' title='bbox 609 4947 836 5023; x_wconf 85' lang='lat' dir='ltr'><strong>eeclesiarum</strong></span> <span class='ocrx_word' id='word_1_416' title='bbox 851 4950 1029 5024; x_wconf 89' lang='lat' dir='ltr'><strong>terribiles</strong></span> 
     </span>
     <span class='ocr_line' id='line_1_51' title="bbox 49 5047 1027 5148; baseline -0.004 -20"><span class='ocrx_word' id='word_1_417' title='bbox 49 5058 262 5145; x_wconf 79' lang='lat' dir='ltr'><strong>vastationes,</strong></span> <span class='ocrx_word' id='word_1_418' title='bbox 312 5054 480 5128; x_wconf 83' lang='lat' dir='ltr'><strong>Suevicas</strong></span> <span class='ocrx_word' id='word_1_419' title='bbox 519 5077 560 5126; x_wconf 86' lang='lat' dir='ltr'><strong>ac</strong></span> <span class='ocrx_word' id='word_1_420' title='bbox 586 5047 782 5128; x_wconf 86' lang='lat' dir='ltr'><strong>Rbenanas</strong></span> <span class='ocrx_word' id='word_1_421' title='bbox 812 5067 918 5148; x_wconf 87' lang='lat' dir='ltr'><strong>atque</strong></span> <span class='ocrx_word' id='word_1_422' title='bbox 951 5055 1027 5146; x_wconf 81' lang='lat' dir='ltr'><strong>agri</strong></span> 
     </span>
     <span class='ocr_line' id='line_1_52' title="bbox 50 5154 1026 5250; baseline -0.002 -22"><span class='ocrx_word' id='word_1_423' title='bbox 50 5160 201 5245; x_wconf 82' lang='lat' dir='ltr'><strong>pmsimi,</strong></span> <span class='ocrx_word' id='word_1_424' title='bbox 221 5172 257 5248; x_wconf 83' lang='lat' dir='ltr'><strong>et</strong></span> <span class='ocrx_word' id='word_1_425' title='bbox 279 5179 438 5231; x_wconf 74' lang='lat' dir='ltr'><strong>messesu</strong></span> <span class='ocrx_word' id='word_1_426' title='bbox 460 5155 679 5250; x_wconf 81' lang='lat' dir='ltr'><strong>periculum,</strong></span> <span class='ocrx_word' id='word_1_427' title='bbox 711 5154 880 5228; x_wconf 86' lang='lat' dir='ltr'><strong>acerrime</strong></span> <span class='ocrx_word' id='word_1_428' title='bbox 900 5155 1026 5248; x_wconf 78' lang='lat' dir='ltr'><strong>aflligit</strong></span> 
     </span>
    </p>
   </div>
   <div class='ocr_carea' id='block_1_19' title="bbox 50 5321 235 5346">
    <p class='ocr_par' dir='ltr' id='par_1_20' title="bbox 50 5321 235 5346">
     <span class='ocr_line' id='line_1_53' title="bbox 50 5321 235 5346; baseline 0.011 -2"><span class='ocrx_word' id='word_1_429' title='bbox 50 5321 235 5346; x_wconf 52' lang='grc' dir='ltr'><strong>Μ--ι-ιιι-</strong></span> 
     </span>
    </p>
   </div>
   <div class='ocr_carea' id='block_1_20' title="bbox 77 5413 603 5489">
    <p class='ocr_par' dir='ltr' id='par_1_21' title="bbox 77 5413 603 5489">
     <span class='ocr_line' id='line_1_54' title="bbox 77 5413 603 5489; baseline -0.004 -15"><span class='ocrx_word' id='word_1_430' title='bbox 77 5417 100 5483; x_wconf 69' lang='grc'><strong>1)</strong></span> <span class='ocrx_word' id='word_1_431' title='bbox 116 5433 175 5474; x_wconf 69' lang='grc' dir='ltr'><strong>νοω</strong></span> <span class='ocrx_word' id='word_1_432' title='bbox 185 5417 261 5486; x_wconf 76' lang='lat' dir='ltr'><strong>eiua]</strong></span> <span class='ocrx_word' id='word_1_433' title='bbox 277 5413 392 5474; x_wconf 77' lang='lat' dir='ltr'><strong>Eumne.</strong></span> <span class='ocrx_word' id='word_1_434' title='bbox 410 5413 603 5489; x_wconf 81' lang='lat' dir='ltr'><strong>praetermisit.</strong></span> 
     </span>
    </p>
   </div>
   <div class='ocr_carea' id='block_1_21' title="bbox 1080 2565 2104 4706">
    <p class='ocr_par' dir='ltr' id='par_1_22' title="bbox 1080 2565 2104 4706">
     <span class='ocr_line' id='line_1_55' title="bbox 1090 2565 2083 2650; baseline 0.014 -16"><span class='ocrx_word' id='word_1_435' title='bbox 1090 2565 1272 2638; x_wconf 89' lang='lat' dir='ltr'><strong>cuiusdam</strong></span> <span class='ocrx_word' id='word_1_436' title='bbox 1291 2571 1472 2640; x_wconf 84' lang='lat' dir='ltr'><strong>vanissimi</strong></span> <span class='ocrx_word' id='word_1_437' title='bbox 1488 2573 1692 2646; x_wconf 83' lang='lat' dir='ltr'><strong>nebulonis.</strong></span> <span class='ocrx_word' id='word_1_438' title='bbox 1742 2573 1848 2647; x_wconf 89' lang='lat' dir='ltr'><strong>Nunc</strong></span> <span class='ocrx_word' id='word_1_439' title='bbox 1863 2601 1943 2648; x_wconf 91' lang='lat' dir='ltr'><strong>cum</strong></span> <span class='ocrx_word' id='word_1_440' title='bbox 1966 2590 2083 2650; x_wconf 83' lang='lat' dir='ltr'><strong>extra-</strong></span> 
     </span>
     <span class='ocr_line' id='line_1_56' title="bbox 1091 2662 2084 2772; baseline 0.018 -38"><span class='ocrx_word' id='word_1_441' title='bbox 1091 2662 1189 2738; x_wconf 93' lang='lat' dir='ltr'><strong>hitur</strong></span> <span class='ocrx_word' id='word_1_442' title='bbox 1212 2681 1349 2760; x_wconf 90' lang='lat' dir='ltr'><strong>tempus</strong></span> <span class='ocrx_word' id='word_1_443' title='bbox 1366 2673 1558 2762; x_wconf 87' lang='lat' dir='ltr'><strong>recipiendi</strong></span> <span class='ocrx_word' id='word_1_444' title='bbox 1573 2671 1783 2770; x_wconf 82' lang='lat' dir='ltr'><strong>Interim⁸),</strong></span> <span class='ocrx_word' id='word_1_445' title='bbox 1809 2679 1872 2772; x_wconf 85' lang='lat' dir='ltr'><strong>qui</strong></span> <span class='ocrx_word' id='word_1_446' title='bbox 1891 2693 2084 2771; x_wconf 90' lang='lat' dir='ltr'><strong>supersunt</strong></span> 
     </span>
     <span class='ocr_line' id='line_1_57' title="bbox 1087 2768 2083 2866; baseline 0.016 -30"><span class='ocrx_word' id='word_1_447' title='bbox 1087 2790 1128 2838; x_wconf 87' lang='lat' dir='ltr'><strong>cx</strong></span> <span class='ocrx_word' id='word_1_448' title='bbox 1151 2768 1349 2842; x_wconf 84' lang='lat' dir='ltr'><strong>ditionibus</strong></span> <span class='ocrx_word' id='word_1_449' title='bbox 1372 2775 1523 2846; x_wconf 82' lang='lat' dir='ltr'><strong>maxima</strong></span> <span class='ocrx_word' id='word_1_450' title='bbox 1547 2799 1589 2846; x_wconf 85' lang='lat' dir='ltr'><strong>ax</strong></span> <span class='ocrx_word' id='word_1_451' title='bbox 1611 2790 1710 2866; x_wconf 85' lang='lat' dir='ltr'><strong>pauc</strong></span> <span class='ocrx_word' id='word_1_452' title='bbox 1740 2779 1926 2852; x_wconf 87' lang='lat' dir='ltr'><strong>minantur</strong></span> <span class='ocrx_word' id='word_1_453' title='bbox 1948 2781 2083 2852; x_wconf 88' lang='lat' dir='ltr'><strong>civitati</strong></span> 
     </span>
     <span class='ocr_line' id='line_1_58' title="bbox 1086 2863 2083 2974; baseline 0.016 -36"><span class='ocrx_word' id='word_1_454' title='bbox 1086 2863 1436 2944; x_wconf 65' lang='lat' dir='ltr'><strong>sie‘renuactaturas</strong></span> <span class='ocrx_word' id='word_1_455' title='bbox 1465 2897 1551 2946; x_wconf 89' lang='lat' dir='ltr'><strong>esse.</strong></span> <span class='ocrx_word' id='word_1_456' title='bbox 1608 2875 1699 2948; x_wconf 89' lang='lat' dir='ltr'><strong>Nam</strong></span> <span class='ocrx_word' id='word_1_457' title='bbox 1726 2879 1855 2952; x_wconf 87' lang='lat' dir='ltr'><strong>iterum</strong></span> <span class='ocrx_word' id='word_1_458' title='bbox 1877 2894 2083 2974; x_wconf 89' lang='lat' dir='ltr'><strong>sparserunt</strong></span> 
     </span>
     <span class='ocr_line' id='line_1_59' title="bbox 1087 2970 2083 3075; baseline 0.013 -35"><span class='ocrx_word' id='word_1_459' title='bbox 1087 2970 1234 3064; x_wconf 87' lang='lat' dir='ltr'><strong>quidam</strong></span> <span class='ocrx_word' id='word_1_460' title='bbox 1250 2973 1367 3044; x_wconf 89' lang='lat' dir='ltr'><strong>insani</strong></span> <span class='ocrx_word' id='word_1_461' title='bbox 1383 2977 1617 3070; x_wconf 85' lang='lat' dir='ltr'><strong>conscriptam</strong></span> <span class='ocrx_word' id='word_1_462' title='bbox 1631 2992 1664 3049; x_wconf 90' lang='lat' dir='ltr'><strong>et</strong></span> <span class='ocrx_word' id='word_1_463' title='bbox 1679 2981 1917 3073; x_wconf 78' lang='lat' dir='ltr'><strong>consignatam</strong></span> <span class='ocrx_word' id='word_1_464' title='bbox 1927 2985 2083 3075; x_wconf 89' lang='lat' dir='ltr'><strong>proseri-</strong></span> 
     </span>
     <span class='ocr_line' id='line_1_60' title="bbox 1086 3072 2082 3164; baseline 0.014 -22"><span class='ocrx_word' id='word_1_465' title='bbox 1086 3072 1244 3164; x_wconf 87' lang='lat' dir='ltr'><strong>ptionem</strong></span> <span class='ocrx_word' id='word_1_466' title='bbox 1262 3073 1300 3144; x_wconf 89' lang='lat' dir='ltr'><strong>iu</strong></span> <span class='ocrx_word' id='word_1_467' title='bbox 1314 3099 1392 3150; x_wconf 92' lang='lat' dir='ltr'><strong>nos.</strong></span> <span class='ocrx_word' id='word_1_468' title='bbox 1440 3073 1528 3150; x_wconf 86' lang='lat' dir='ltr'><strong>Esse</strong></span> <span class='ocrx_word' id='word_1_469' title='bbox 1545 3079 1640 3149; x_wconf 90' lang='lat' dir='ltr'><strong>enim</strong></span> <span class='ocrx_word' id='word_1_470' title='bbox 1664 3080 1703 3150; x_wconf 91' lang='lat' dir='ltr'><strong>in</strong></span> <span class='ocrx_word' id='word_1_471' title='bbox 1725 3107 1833 3154; x_wconf 90' lang='lat' dir='ltr'><strong>manu</strong></span> <span class='ocrx_word' id='word_1_472' title='bbox 1849 3079 1984 3156; x_wconf 89' lang='lat' dir='ltr'><strong>Christi</strong></span> <span class='ocrx_word' id='word_1_473' title='bbox 2001 3108 2082 3158; x_wconf 87' lang='lat' dir='ltr'><strong>eor-</strong></span> 
     </span>
     <span class='ocr_line' id='line_1_61' title="bbox 1086 3173 2081 3277; baseline 0.016 -35"><span class='ocrx_word' id='word_1_474' title='bbox 1086 3173 1130 3242; x_wconf 90' lang='lat' dir='ltr'><strong>da</strong></span> <span class='ocrx_word' id='word_1_475' title='bbox 1145 3187 1180 3245; x_wconf 87' lang='lat' dir='ltr'><strong>et</strong></span> <span class='ocrx_word' id='word_1_476' title='bbox 1193 3199 1319 3248; x_wconf 89' lang='lat' dir='ltr'><strong>manus</strong></span> <span class='ocrx_word' id='word_1_477' title='bbox 1333 3201 1475 3261; x_wconf 88' lang='lat' dir='ltr'><strong>eorum,</strong></span> <span class='ocrx_word' id='word_1_478' title='bbox 1501 3179 1631 3270; x_wconf 87' lang='lat' dir='ltr'><strong>quibus</strong></span> <span class='ocrx_word' id='word_1_479' title='bbox 1647 3183 1767 3256; x_wconf 90' lang='lat' dir='ltr'><strong>datum</strong></span> <span class='ocrx_word' id='word_1_480' title='bbox 1783 3199 1835 3256; x_wconf 88' lang='lat' dir='ltr'><strong>est</strong></span> <span class='ocrx_word' id='word_1_481' title='bbox 1848 3187 2081 3277; x_wconf 87' lang='lat' dir='ltr'><strong>proscribere,</strong></span> 
     </span>
     <span class='ocr_line' id='line_1_62' title="bbox 1086 3277 2081 3380; baseline 0.016 -36"><span class='ocrx_word' id='word_1_482' title='bbox 1086 3297 1160 3344; x_wconf 91' lang='lat' dir='ltr'><strong>non</strong></span> <span class='ocrx_word' id='word_1_483' title='bbox 1175 3277 1336 3352; x_wconf 90' lang='lat' dir='ltr'><strong>credunt.</strong></span> <span class='ocrx_word' id='word_1_484' title='bbox 1388 3278 1473 3352; x_wconf 90' lang='lat' dir='ltr'><strong>ldco</strong></span> <span class='ocrx_word' id='word_1_485' title='bbox 1489 3305 1579 3376; x_wconf 90' lang='lat' dir='ltr'><strong>quos</strong></span> <span class='ocrx_word' id='word_1_486' title='bbox 1600 3283 1680 3375; x_wconf 89' lang='lat' dir='ltr'><strong>plus</strong></span> <span class='ocrx_word' id='word_1_487' title='bbox 1695 3309 1796 3376; x_wconf 87' lang='lat' dir='ltr'><strong>posse</strong></span> <span class='ocrx_word' id='word_1_488' title='bbox 1814 3286 1926 3358; x_wconf 87' lang='lat' dir='ltr'><strong>videri</strong></span> <span class='ocrx_word' id='word_1_489' title='bbox 1944 3301 2081 3380; x_wconf 90' lang='lat' dir='ltr'><strong>putant,</strong></span> 
     </span>
     <span class='ocr_line' id='line_1_63' title="bbox 1085 3377 2080 3483; baseline 0.014 -37"><span class='ocrx_word' id='word_1_490' title='bbox 1085 3400 1208 3448; x_wconf 88' lang='lat' dir='ltr'><strong>eorum</strong></span> <span class='ocrx_word' id='word_1_491' title='bbox 1228 3377 1317 3450; x_wconf 87' lang='lat' dir='ltr'><strong>iram</strong></span> <span class='ocrx_word' id='word_1_492' title='bbox 1339 3382 1492 3473; x_wconf 88' lang='lat' dir='ltr'><strong>amplius</strong></span> <span class='ocrx_word' id='word_1_493' title='bbox 1511 3399 1763 3476; x_wconf 87' lang='lat' dir='ltr'><strong>expavescunt,</strong></span> <span class='ocrx_word' id='word_1_494' title='bbox 1788 3383 2080 3483; x_wconf 85' lang='lat' dir='ltr'><strong>horrendumque</strong></span> 
     </span>
     <span class='ocr_line' id='line_1_64' title="bbox 1085 3481 2080 3583; baseline 0.015 -35"><span class='ocrx_word' id='word_1_495' title='bbox 1085 3491 1156 3564; x_wconf 88' lang='lat' dir='ltr'><strong>est,</strong></span> <span class='ocrx_word' id='word_1_496' title='bbox 1186 3481 1282 3574; x_wconf 88' lang='lat' dir='ltr'><strong>quod</strong></span> <span class='ocrx_word' id='word_1_497' title='bbox 1314 3483 1469 3556; x_wconf 88' lang='lat' dir='ltr'><strong>multum</strong></span> <span class='ocrx_word' id='word_1_498' title='bbox 1500 3486 1645 3558; x_wconf 84' lang='lat' dir='ltr'><strong>seminia</strong></span> <span class='ocrx_word' id='word_1_499' title='bbox 1676 3489 1873 3579; x_wconf 73' lang='lat' dir='ltr'><strong>evangelici</strong></span> <span class='ocrx_word' id='word_1_500' title='bbox 1897 3489 1936 3558; x_wconf 90' lang='lat' dir='ltr'><strong>in</strong></span> <span class='ocrx_word' id='word_1_501' title='bbox 1960 3504 2080 3583; x_wconf 87' lang='lat' dir='ltr'><strong>petrea</strong></span> 
     </span>
     <span class='ocr_line' id='line_1_65' title="bbox 1085 3581 2104 3685; baseline 0.014 -36"><span class='ocrx_word' id='word_1_502' title='bbox 1085 3581 1191 3650; x_wconf 88' lang='lat' dir='ltr'><strong>corda</strong></span> <span class='ocrx_word' id='word_1_503' title='bbox 1214 3581 1342 3670; x_wconf 91' lang='lat' dir='ltr'><strong>passim</strong></span> <span class='ocrx_word' id='word_1_504' title='bbox 1364 3607 1524 3676; x_wconf 88' lang='lat' dir='ltr'><strong>sparsum</strong></span> <span class='ocrx_word' id='word_1_505' title='bbox 1545 3588 1602 3662; x_wconf 93' lang='lat' dir='ltr'><strong>sit.</strong></span> <span class='ocrx_word' id='word_1_506' title='bbox 1661 3587 1754 3660; x_wconf 88' lang='lat' dir='ltr'><strong>Sunt</strong></span> <span class='ocrx_word' id='word_1_507' title='bbox 1777 3605 1893 3662; x_wconf 91' lang='lat' dir='ltr'><strong>tamen</strong></span> <span class='ocrx_word' id='word_1_508' title='bbox 1917 3586 1976 3660; x_wconf 88' lang='lat' dir='ltr'><strong>bic</strong></span> <span class='ocrx_word' id='word_1_509' title='bbox 1996 3615 2104 3685; x_wconf 27' lang='lat' dir='ltr'><strong>per-¹</strong></span> 
     </span>
     <span class='ocr_line' id='line_1_66' title="bbox 1084 3678 2079 3766; baseline 0.016 -16"><span class='ocrx_word' id='word_1_510' title='bbox 1084 3681 1187 3752; x_wconf 91' lang='lat' dir='ltr'><strong>multi</strong></span> <span class='ocrx_word' id='word_1_511' title='bbox 1202 3678 1316 3754; x_wconf 88' lang='lat' dir='ltr'><strong>Deum</strong></span> <span class='ocrx_word' id='word_1_512' title='bbox 1332 3709 1416 3758; x_wconf 85' lang='lat' dir='ltr'><strong>vero</strong></span> <span class='ocrx_word' id='word_1_513' title='bbox 1432 3689 1537 3760; x_wconf 89' lang='lat' dir='ltr'><strong>corde</strong></span> <span class='ocrx_word' id='word_1_514' title='bbox 1552 3687 1768 3764; x_wconf 79' lang='lat' dir='ltr'><strong>invocantes·</strong></span> <span class='ocrx_word' id='word_1_515' title='bbox 1817 3689 1929 3764; x_wconf 86' lang='lat' dir='ltr'><strong>Paulo</strong></span> <span class='ocrx_word' id='word_1_516' title='bbox 1944 3705 2025 3764; x_wconf 87' lang='lat' dir='ltr'><strong>ante</strong></span> <span class='ocrx_word' id='word_1_517' title='bbox 2042 3706 2079 3766; x_wconf 89' lang='lat' dir='ltr'><strong>ct</strong></span> 
     </span>
     <span class='ocr_line' id='line_1_67' title="bbox 1084 3783 2078 3884; baseline 0.013 -34"><span class='ocrx_word' id='word_1_518' title='bbox 1084 3783 1160 3875; x_wconf 88' lang='lat' dir='ltr'><strong>ipso</strong></span> <span class='ocrx_word' id='word_1_519' title='bbox 1183 3797 1341 3876; x_wconf 86' lang='lat' dir='ltr'><strong>tempore</strong></span> <span class='ocrx_word' id='word_1_520' title='bbox 1364 3788 1570 3860; x_wconf 87' lang='lat' dir='ltr'><strong>calamitatis</strong></span> <span class='ocrx_word' id='word_1_521' title='bbox 1597 3791 1790 3881; x_wconf 89' lang='lat' dir='ltr'><strong>praesentis</strong></span> <span class='ocrx_word' id='word_1_522' title='bbox 1805 3792 1936 3884; x_wconf 86' lang='lat' dir='ltr'><strong>eripuit</strong></span> <span class='ocrx_word' id='word_1_523' title='bbox 1950 3791 2078 3866; x_wconf 89' lang='lat' dir='ltr'><strong>Domi-</strong></span> 
     </span>
     <span class='ocr_line' id='line_1_68' title="bbox 1083 3885 2077 3982; baseline 0.012 -28"><span class='ocrx_word' id='word_1_524' title='bbox 1083 3907 1151 3954; x_wconf 89' lang='lat' dir='ltr'><strong>nus</strong></span> <span class='ocrx_word' id='word_1_525' title='bbox 1166 3885 1271 3956; x_wconf 86' lang='lat' dir='ltr'><strong>nnbis</strong></span> <span class='ocrx_word' id='word_1_526' title='bbox 1286 3887 1422 3982; x_wconf 91' lang='lat' dir='ltr'><strong>aliquot</strong></span> <span class='ocrx_word' id='word_1_527' title='bbox 1437 3903 1652 3982; x_wconf 88' lang='lat' dir='ltr'><strong>praestantes</strong></span> <span class='ocrx_word' id='word_1_528' title='bbox 1664 3893 1773 3967; x_wconf 89' lang='lat' dir='ltr'><strong>viros.</strong></span> <span class='ocrx_word' id='word_1_529' title='bbox 1822 3889 1997 3966; x_wconf 86' lang='lat' dir='ltr'><strong>Nonnulli</strong></span> <span class='ocrx_word' id='word_1_530' title='bbox 2019 3919 2077 3966; x_wconf 84' lang='lat' dir='ltr'><strong>se-</strong></span> 
     </span>
     <span class='ocr_line' id='line_1_69' title="bbox 1084 3985 2077 4087; baseline 0.015 -33"><span class='ocrx_word' id='word_1_531' title='bbox 1084 3985 1145 4054; x_wconf 89' lang='lat' dir='ltr'><strong>nio</strong></span> <span class='ocrx_word' id='word_1_532' title='bbox 1166 4000 1200 4058; x_wconf 92' lang='grc' dir='ltr'><strong>ει</strong></span> <span class='ocrx_word' id='word_1_533' title='bbox 1221 3989 1356 4060; x_wconf 88' lang='lat' dir='ltr'><strong>morbis</strong></span> <span class='ocrx_word' id='word_1_534' title='bbox 1376 3992 1479 4064; x_wconf 84' lang='lat' dir='ltr'><strong>fracti</strong></span> <span class='ocrx_word' id='word_1_535' title='bbox 1494 4007 1592 4078; x_wconf 87' lang='lat' dir='ltr'><strong>sunt,</strong></span> <span class='ocrx_word' id='word_1_536' title='bbox 1619 4005 1654 4064; x_wconf 88' lang='lat' dir='ltr'><strong>et</strong></span> <span class='ocrx_word' id='word_1_537' title='bbox 1668 3994 1728 4087; x_wconf 87' lang='lat' dir='ltr'><strong>qui</strong></span> <span class='ocrx_word' id='word_1_538' title='bbox 1742 3990 1798 4068; x_wconf 89' lang='lat' dir='ltr'><strong>bis</strong></span> <span class='ocrx_word' id='word_1_539' title='bbox 1814 3997 2007 4068; x_wconf 85' lang='lat' dir='ltr'><strong>succedunt</strong></span> <span class='ocrx_word' id='word_1_540' title='bbox 2021 3997 2077 4069; x_wconf 85' lang='lat' dir='ltr'><strong>lo·</strong></span> 
     </span>
     <span class='ocr_line' id='line_1_70' title="bbox 1082 4087 2078 4187; baseline 0.013 -30"><span class='ocrx_word' id='word_1_541' title='bbox 1082 4109 1143 4169; x_wconf 92' lang='lat' dir='ltr'><strong>co,</strong></span> <span class='ocrx_word' id='word_1_542' title='bbox 1169 4087 1298 4158; x_wconf 90' lang='lat' dir='ltr'><strong>animis</strong></span> <span class='ocrx_word' id='word_1_543' title='bbox 1311 4104 1346 4162; x_wconf 90' lang='lat' dir='ltr'><strong>ct</strong></span> <span class='ocrx_word' id='word_1_544' title='bbox 1365 4092 1494 4184; x_wconf 90' lang='lat' dir='ltr'><strong>pietate</strong></span> <span class='ocrx_word' id='word_1_545' title='bbox 1507 4095 1691 4164; x_wconf 89' lang='lat' dir='ltr'><strong>succedere</strong></span> <span class='ocrx_word' id='word_1_546' title='bbox 1706 4095 1756 4165; x_wconf 89' lang='lat' dir='ltr'><strong>eis</strong></span> <span class='ocrx_word' id='word_1_547' title='bbox 1768 4119 1843 4168; x_wconf 88' lang='lat' dir='ltr'><strong>uon</strong></span> <span class='ocrx_word' id='word_1_548' title='bbox 1857 4098 1906 4170; x_wconf 86' lang='lat' dir='ltr'><strong>ita</strong></span> <span class='ocrx_word' id='word_1_549' title='bbox 1923 4100 2078 4187; x_wconf 78' lang='lat' dir='ltr'><strong>stadem,</strong></span> 
     </span>
     <span class='ocr_line' id='line_1_71' title="bbox 1080 4191 2077 4292; baseline 0.012 -32"><span class='ocrx_word' id='word_1_550' title='bbox 1080 4201 1119 4260; x_wconf 93' lang='lat' dir='ltr'><strong>ut</strong></span> <span class='ocrx_word' id='word_1_551' title='bbox 1141 4191 1336 4281; x_wconf 87' lang='lat' dir='ltr'><strong>praesentia</strong></span> <span class='ocrx_word' id='word_1_552' title='bbox 1358 4207 1510 4285; x_wconf 89' lang='lat' dir='ltr'><strong>poscunt</strong></span> <span class='ocrx_word' id='word_1_553' title='bbox 1532 4195 1749 4286; x_wconf 88' lang='lat' dir='ltr'><strong>reipublicae</strong></span> <span class='ocrx_word' id='word_1_554' title='bbox 1773 4212 1944 4292; x_wconf 87' lang='lat' dir='ltr'><strong>tempora.</strong></span> <span class='ocrx_word' id='word_1_555' title='bbox 2003 4197 2077 4272; x_wconf 88' lang='lat' dir='ltr'><strong>lta-</strong></span> 
     </span>
     <span class='ocr_line' id='line_1_72' title="bbox 1081 4293 2076 4390; baseline 0.015 -31"><span class='ocrx_word' id='word_1_556' title='bbox 1081 4314 1149 4383; x_wconf 89' lang='lat' dir='ltr'><strong>que</strong></span> <span class='ocrx_word' id='word_1_557' title='bbox 1171 4313 1191 4362; x_wconf 87' lang='lat' dir='ltr'><strong>a</strong></span> <span class='ocrx_word' id='word_1_558' title='bbox 1215 4293 1475 4383; x_wconf 90' lang='lat' dir='ltr'><strong>potentioribus</strong></span> <span class='ocrx_word' id='word_1_559' title='bbox 1497 4299 1653 4368; x_wconf 89' lang='lat' dir='ltr'><strong>creditur</strong></span> <span class='ocrx_word' id='word_1_560' title='bbox 1680 4311 1886 4390; x_wconf 89' lang='lat' dir='ltr'><strong>potestatem</strong></span> <span class='ocrx_word' id='word_1_561' title='bbox 1910 4302 2076 4374; x_wconf 84' lang='lat' dir='ltr'><strong>servandi</strong></span> 
     </span>
     <span class='ocr_line' id='line_1_73' title="bbox 1080 4391 2074 4484; baseline 0.017 -23"><span class='ocrx_word' id='word_1_562' title='bbox 1080 4391 1221 4483; x_wconf 89' lang='lat' dir='ltr'><strong>publice</strong></span> <span class='ocrx_word' id='word_1_563' title='bbox 1234 4393 1441 4484; x_wconf 80' lang='lat' dir='ltr'><strong>religionem</strong></span> <span class='ocrx_word' id='word_1_564' title='bbox 1460 4398 1531 4470; x_wconf 90' lang='lat' dir='ltr'><strong>alio</strong></span> <span class='ocrx_word' id='word_1_565' title='bbox 1548 4422 1621 4470; x_wconf 91' lang='lat' dir='ltr'><strong>esse</strong></span> <span class='ocrx_word' id='word_1_566' title='bbox 1635 4400 1852 4476; x_wconf 88' lang='lat' dir='ltr'><strong>translatam.</strong></span> <span class='ocrx_word' id='word_1_567' title='bbox 1891 4399 2074 4480; x_wconf 87' lang='lat' dir='ltr'><strong>Hactenus</strong></span> 
     </span>
     <span class='ocr_line' id='line_1_74' title="bbox 1080 4499 2075 4594; baseline 0.015 -33"><span class='ocrx_word' id='word_1_568' title='bbox 1080 4504 1198 4563; x_wconf 88' lang='lat' dir='ltr'><strong>tamen</strong></span> <span class='ocrx_word' id='word_1_569' title='bbox 1222 4510 1364 4567; x_wconf 88' lang='lat' dir='ltr'><strong>senatus</strong></span> <span class='ocrx_word' id='word_1_570' title='bbox 1385 4500 1501 4570; x_wconf 89' lang='lat' dir='ltr'><strong>noluit</strong></span> <span class='ocrx_word' id='word_1_571' title='bbox 1530 4500 1605 4592; x_wconf 86' lang='lat' dir='ltr'><strong>ipse</strong></span> <span class='ocrx_word' id='word_1_572' title='bbox 1628 4499 1763 4594; x_wconf 88' lang='lat' dir='ltr'><strong>aliquid</strong></span> <span class='ocrx_word' id='word_1_573' title='bbox 1796 4515 1934 4572; x_wconf 90' lang='lat' dir='ltr'><strong>mutare</strong></span> <span class='ocrx_word' id='word_1_574' title='bbox 1958 4506 2013 4576; x_wconf 84' lang='lat' dir='ltr'><strong>vel</strong></span> <span class='ocrx_word' id='word_1_575' title='bbox 2035 4505 2075 4576; x_wconf 87' lang='lat' dir='ltr'><strong>in</strong></span> 
     </span>
     <span class='ocr_line' id='line_1_75' title="bbox 1080 4595 2075 4706; baseline 0.015 -42"><span class='ocrx_word' id='word_1_576' title='bbox 1080 4595 1241 4670; x_wconf 89' lang='lat' dir='ltr'><strong>doctrina</strong></span> <span class='ocrx_word' id='word_1_577' title='bbox 1257 4597 1313 4667; x_wconf 86' lang='lat' dir='ltr'><strong>vel</strong></span> <span class='ocrx_word' id='word_1_578' title='bbox 1329 4599 1368 4670; x_wconf 89' lang='lat' dir='ltr'><strong>in</strong></span> <span class='ocrx_word' id='word_1_579' title='bbox 1385 4601 1524 4672; x_wconf 84' lang='lat' dir='ltr'><strong>ritibus.</strong></span> <span class='ocrx_word' id='word_1_580' title='bbox 1573 4599 1742 4673; x_wconf 59' lang='lat' dir='ltr'><strong>&#39;feriavit</strong></span> <span class='ocrx_word' id='word_1_581' title='bbox 1757 4616 1875 4675; x_wconf 88' lang='lat' dir='ltr'><strong>autem</strong></span> <span class='ocrx_word' id='word_1_582' title='bbox 1890 4628 1970 4678; x_wconf 83' lang='lat' dir='ltr'><strong>curn</strong></span> <span class='ocrx_word' id='word_1_583' title='bbox 1996 4607 2075 4706; x_wconf 85' lang='lat' dir='ltr'><strong>epi-</strong></span> 
     </span>
    </p>
   </div>
   <div class='ocr_carea' id='block_1_22' title="bbox 1088 4749 1309 4768">
    <p class='ocr_par' dir='ltr' id='par_1_23' title="bbox 1088 4749 1309 4768">
     <span class='ocr_line' id='line_1_76' title="bbox 1088 4749 1309 4768; baseline 0.009 -2"><span class='ocrx_word' id='word_1_584' title='bbox 1088 4749 1309 4768; x_wconf 54' lang='grc' dir='ltr'><strong>Μ</strong></span> 
     </span>
    </p>
   </div>
   <div class='ocr_carea' id='block_1_23' title="bbox 1111 4837 1631 4995">
    <p class='ocr_par' dir='ltr' id='par_1_24' title="bbox 1111 4837 1631 4995">
     <span class='ocr_line' id='line_1_77' title="bbox 1111 4837 1548 4914; baseline -0.007 -19"><span class='ocrx_word' id='word_1_585' title='bbox 1111 4841 1140 4908; x_wconf 74' lang='grc'><strong>2)</strong></span> <span class='ocrx_word' id='word_1_586' title='bbox 1158 4839 1376 4914; x_wconf 69' lang='lat' dir='ltr'><strong>flammante,</strong></span> <span class='ocrx_word' id='word_1_587' title='bbox 1393 4837 1548 4897; x_wconf 80' lang='lat' dir='ltr'><strong>armando.</strong></span> 
     </span>
     <span class='ocr_line' id='line_1_78' title="bbox 1111 4922 1631 4995; baseline 0.002 -19"><span class='ocrx_word' id='word_1_588' title='bbox 1111 4922 1139 4990; x_wconf 79' lang='grc'><strong>8)</strong></span> <span class='ocrx_word' id='word_1_589' title='bbox 1156 4923 1269 4980; x_wconf 85' lang='lat' dir='ltr'><strong>llumm.</strong></span> <span class='ocrx_word' id='word_1_590' title='bbox 1281 4926 1456 4992; x_wconf 70' lang='lat' dir='ltr'><strong>addubitas,</strong></span> <span class='ocrx_word' id='word_1_591' title='bbox 1472 4942 1501 4976; x_wconf 83' lang='lat' dir='ltr'><strong>ea</strong></span> <span class='ocrx_word' id='word_1_592' title='bbox 1519 4923 1631 4995; x_wconf 77' lang='lat' dir='ltr'><strong>mendo.</strong></span> 
     </span>
    </p>
   </div>
   <div class='ocr_carea' id='block_1_24' title="bbox 1110 5005 2074 5158">
    <p class='ocr_par' dir='ltr' id='par_1_25' title="bbox 1110 5005 2074 5158">
     <span class='ocr_line' id='line_1_79' title="bbox 1110 5005 2074 5090; baseline 0.015 -32"><span class='ocrx_word' id='word_1_593' title='bbox 1110 5007 1139 5070; x_wconf 78' lang='grc'><strong>4)</strong></span> <span class='ocrx_word' id='word_1_594' title='bbox 1157 5011 1282 5075; x_wconf 67' lang='lat' dir='ltr'><strong>utentur]</strong></span> <span class='ocrx_word' id='word_1_595' title='bbox 1300 5007 1340 5062; x_wconf 83' lang='lat' dir='ltr'><strong>sie</strong></span> <span class='ocrx_word' id='word_1_596' title='bbox 1359 5005 1458 5090; x_wconf 79' lang='lat' dir='ltr'><strong>scripsi</strong></span> <span class='ocrx_word' id='word_1_597' title='bbox 1478 5025 1508 5059; x_wconf 81' lang='lat' dir='ltr'><strong>er</strong></span> <span class='ocrx_word' id='word_1_598' title='bbox 1526 5005 1682 5062; x_wconf 77' lang='lat' dir='ltr'><strong>coniectura</strong></span> <span class='ocrx_word' id='word_1_599' title='bbox 1689 5023 1698 5072; x_wconf 75' lang='grc' dir='ltr'>ι</span> <span class='ocrx_word' id='word_1_600' title='bbox 1717 5025 1774 5063; x_wconf 84' lang='lat' dir='ltr'><strong>aon</strong></span> <span class='ocrx_word' id='word_1_601' title='bbox 1793 5010 1968 5086; x_wconf 68' lang='lat' dir='ltr'><strong>apographon</strong></span> <span class='ocrx_word' id='word_1_602' title='bbox 1990 5011 2074 5076; x_wconf 83' lang='lat' dir='ltr'><strong>babet</strong></span> 
     </span>
     <span class='ocr_line' id='line_1_80' title="bbox 1144 5077 1609 5158; baseline 0.011 -31"><span class='ocrx_word' id='word_1_603' title='bbox 1144 5077 1274 5144; x_wconf 74' lang='lat' dir='ltr'><strong>verbum,</strong></span> <span class='ocrx_word' id='word_1_604' title='bbox 1288 5079 1360 5148; x_wconf 81' lang='lat' dir='ltr'><strong>quud</strong></span> <span class='ocrx_word' id='word_1_605' title='bbox 1374 5077 1425 5148; x_wconf 67' lang='lat' dir='ltr'><strong>laga</strong></span> <span class='ocrx_word' id='word_1_606' title='bbox 1440 5095 1495 5130; x_wconf 87' lang='lat' dir='ltr'><strong>nnn</strong></span> <span class='ocrx_word' id='word_1_607' title='bbox 1509 5085 1609 5158; x_wconf 71' lang='lat' dir='ltr'><strong>potest.</strong></span> 
     </span>
    </p>
   </div>
   <div class='ocr_carea' id='block_1_25' title="bbox 1106 5157 1604 5308">
    <p class='ocr_par' dir='ltr' id='par_1_26' title="bbox 1106 5157 1604 5308">
     <span class='ocr_line' id='line_1_81' title="bbox 1108 5157 1604 5226; baseline -0.002 -15"><span class='ocrx_word' id='word_1_608' title='bbox 1108 5159 1136 5226; x_wconf 81' lang='lat'><strong>5)</strong></span> <span class='ocrx_word' id='word_1_609' title='bbox 1156 5157 1338 5214; x_wconf 83' lang='lat' dir='ltr'><strong>Praetermisit</strong></span> <span class='ocrx_word' id='word_1_610' title='bbox 1351 5159 1419 5216; x_wconf 79' lang='lat' dir='ltr'><strong>baec</strong></span> <span class='ocrx_word' id='word_1_611' title='bbox 1434 5161 1549 5214; x_wconf 79' lang='lat' dir='ltr'><strong>Humm.</strong></span> <span class='ocrx_word' id='word_1_612' title='bbox 1598 5221 1604 5226; x_wconf 45' lang='grc'><strong>,</strong></span> 
     </span>
     <span class='ocr_line' id='line_1_82' title="bbox 1106 5241 1545 5308; baseline 0.005 -12"><span class='ocrx_word' id='word_1_613' title='bbox 1106 5243 1137 5308; x_wconf 81' lang='grc'><strong>6)</strong></span> <span class='ocrx_word' id='word_1_614' title='bbox 1154 5241 1267 5298; x_wconf 82' lang='lat' dir='ltr'><strong>Humm.</strong></span> <span class='ocrx_word' id='word_1_615' title='bbox 1282 5247 1322 5298; x_wconf 83' lang='lat' dir='ltr'><strong>aad</strong></span> <span class='ocrx_word' id='word_1_616' title='bbox 1336 5261 1486 5298; x_wconf 79' lang='lat' dir='ltr'><strong>numerum</strong></span> <span class='ocrx_word' id='word_1_617' title='bbox 1499 5245 1545 5298; x_wconf 78' lang='grc'><strong>50.</strong></span> 
     </span>
    </p>
   </div>
   <div class='ocr_carea' id='block_1_26' title="bbox 981 5315 1501 5404">
    <p class='ocr_par' dir='ltr' id='par_1_27' title="bbox 981 5315 1501 5404">
     <span class='ocr_line' id='line_1_83' title="bbox 981 5315 1501 5404; baseline 0.004 -22"><span class='ocrx_word' id='word_1_618' title='bbox 981 5315 985 5324; x_wconf 53' lang='grc'><strong>“</strong></span> <span class='ocrx_word' id='word_1_619' title='bbox 1104 5330 1134 5391; x_wconf 86' lang='grc'><strong>7)</strong></span> <span class='ocrx_word' id='word_1_620' title='bbox 1154 5327 1501 5404; x_wconf 65' lang='lat' dir='ltr'><strong>Eurumfiaelma&#39;uaudum.</strong></span> 
     </span>
    </p>
   </div>
   <div class='ocr_carea' id='block_1_27' title="bbox 1103 5411 1858 5484">
    <p class='ocr_par' dir='ltr' id='par_1_28' title="bbox 1103 5411 1858 5484">
     <span class='ocr_line' id='line_1_84' title="bbox 1103 5411 1858 5484; baseline 0.013 -18"><span class='ocrx_word' id='word_1_621' title='bbox 1103 5413 1133 5484; x_wconf 77' lang='lat' dir='ltr'><strong>a)</strong></span> <span class='ocrx_word' id='word_1_622' title='bbox 1151 5412 1221 5468; x_wconf 78' lang='lat' dir='ltr'><strong>cot.</strong></span> <span class='ocrx_word' id='word_1_623' title='bbox 1233 5411 1313 5468; x_wconf 75' lang='lat' dir='ltr'><strong>Mun.</strong></span> <span class='ocrx_word' id='word_1_624' title='bbox 1324 5413 1367 5470; x_wconf 82' lang='lat'><strong>90.</strong></span> <span class='ocrx_word' id='word_1_625' title='bbox 1378 5425 1405 5470; x_wconf 85' lang='lat' dir='ltr'><strong>et</strong></span> <span class='ocrx_word' id='word_1_626' title='bbox 1418 5411 1528 5470; x_wconf 81' lang='lat' dir='ltr'><strong>llumm.</strong></span> <span class='ocrx_word' id='word_1_627' title='bbox 1544 5411 1713 5481; x_wconf 62' lang='lat' dir='ltr'><strong>reduendi.</strong></span> <span class='ocrx_word' id='word_1_628' title='bbox 1732 5415 1858 5476; x_wconf 60' lang='grc' dir='ltr'><strong>ἠέρι-ειη.</strong></span> 
     </span>
    </p>
   </div>
   <div class='ocr_carea' id='block_1_28' title="bbox 0 0 2326 5808">
    <p class='ocr_par' dir='ltr' id='par_1_29' title="bbox 0 0 2326 5808">
     <span class='ocr_line' id='line_1_85' title="bbox 0 0 2326 5808; baseline 0 9"><span class='ocrx_word' id='word_1_629' title='bbox 0 0 2326 5808; x_wconf 95' lang='lat' dir='ltr'><strong> </strong></span> 
     </span>
    </p>
   </div>
  </div>
 </body>
</html>
