4642 5808
223 199 298 282 sas
795 155 1244 332 ysrrsrouaauu
1304 197 1502 289 mou.
1554 207 1687 292 1s4a
2190 213 2253 290 su
2307 297 2308 300 ,

222 367 291 442 Νο.
311 363 428 443 4480.
1123 373 1173 456 (b.
1189 373 1229 458 t.)
1251 357 1257 444 l
1280 375 1489 449 deliberatio
1511 391 1581 466 est,
1607 403 1688 450 cum
1711 373 1941 466 adhibemur,
1966 395 2010 454 ut
2031 382 2108 454 aliis
2124 334 2256 452 iulis-mis

233 465 402 497 *Μ
1091 467 1220 496 Μ
1281 491 1315 548 et
1347 481 1578 552 dissimilibus
1613 481 1803 552 consilium
1836 497 2000 556 nostrum
2038 488 2256 558 ostendamus.
2307 485 2308 540 l

539 547 595 638 F·
624 549 904 638 Burssllal'd‘l·
1282 577 1465 652 Interdum
1481 583 1587 652 etiam
1604 585 1850 674 adiunguntur
1866 587 1949 673 alii,
1975 611 2127 681 quorum
2143 588 2256 656 volun·
2307 567 2308 660 i

524 725 607 784 ’445'
633 728 717 802 Epio.
737 725 819 788 „M
833 730 931 802 pom
966 731 1229 795 ed.Lon‹t.1ta.tt.
1279 695 1367 753 tates
1389 707 1410 753 a
1433 707 1536 754 causa
1561 687 1698 754 alienae
1720 701 1812 760 sunt.
1861 685 1932 758 Hie
1946 690 2156 780 proponitur
2168 688 2257 756 nobis

525 799 619 876 omine
635 797 748 870 Georgii
763 799 901 856 aututini
914 812 1015 874 scripu
1030 813 1071 859 eo
1085 823 1101 860 a
1114 803 1229 860 Metro·
1279 779 1364 854 haec
1385 785 1556 856 terribilis
1578 782 1724 872 Oratio,
1765 813 1811 858 ue
1837 789 1913 858 sine
1937 791 2139 860 necessariis
2161 789 2256 858 cuuis

1282 889 1511 974 praebeamus
1545 889 1763 958 occasionem
1789 893 1979 962 vastandae
2006 893 2149 982 patriae.
2200 890 2256 959 Pa-

403 1042 459 1119 D.
484 1038 667 1118 Franci
674 1065 746 1114 sco
771 1037 1053 1118 Burchardo
1252 985 1438 1060 mendum
1464 1011 1537 1058 ⁰⁵⁸⁰
1558 991 1622 1060 ubi
1646 1013 1735 1081 (ΨΜ
1757 1005 1825 1076 ⁰⁸²³
1858 1006 1897 1063 ¹¹⁸
1919 987 2053 1063 Pam
2073 994 2200 1088 inqui&
2228 1005 2257 1062 (Ὗ

295 731 523 871 ⁵‘t‘5t2tt't

327 821 420 928 ilo...

1253 1072 1256 1090 t

1253 1097 1256 1116 '
1277 1105 1420 1180 sperant
1443 1114 1542 1182 posse
1559 1093 1730 1161 declinari
1744 1095 1919 1184 pericula,
1951 1096 1980 1163 si
1997 1095 2200 1186 recipiamus
2216 1095 2257 1161 rb

228 1183 276 1270 S.
302 1193 347 1266 D.
401 1193 551 1264 Gratum
564 1187 659 1260 milri
676 1191 762 1273 luit,
788 1195 883 1286 quod
902 1194 956 1263 vir
972 1196 1096 1265 doetus
1110 1207 1144 1264 et
1159 1191 1226 1266 ho·
1251 1124 1257 1278 i
1281 1203 1335 1260 tus
1360 1193 1517 1285 aliquos,
1550 1193 1613 1286 qui
1636 1217 1697 1284 per
1713 1219 1750 1264 se
1767 1219 1840 1262 non
1857 1209 1939 1290 suut
1954 1197 2096 1266 viciosi:
2123 1211 2156 1265 et
2170 1219 2256 1265 arcu

228 1313 366 1380 nestus,
396 1294 532 1366 Doctor
553 1288 755 1386 Plicordus
779 1295 824 1363 ad
848 1319 904 1364 me
927 1297 1081 1369 accessit.
1133 1293 1226 1368 Gra-
1252 1292 1256 1403 j
1279 1305 1376 1364 satur
1397 1294 1528 1363 iniusta
1548 1295 1760 1386 pertinacia,
1794 1297 1824 1364 si
1849 1297 1886 1364 iu
1910 1299 2041 1368 talibus
2057 1299 2161 1368 rebus
2176 1297 2257 1364 noli-

229 1403 299 1472 tins
314 1399 418 1468 etiam
436 1411 497 1478 est,
525 1397 621 1490 quod
639 1419 714 1464 mea
734 1397 898 1466 mandata
913 1397 980 1466 tibi
995 1398 1149 1467 officiose
1165 1424 1226 1468 cx·
1252 1406 1255 1438 ⁵
1278 1417 1358 1464 urus
1380 1395 1480 1487 publ.
1496 1397 1746 1490 tranquillitati
1770 1399 1914 1472 servire.
1966 1395 2009 1467 ln
2033 1395 2098 1470 bac
2115 1401 2256 1468 oratione

230 1501 359 1595 posuit.
411 1498 500 1568 Nam
524 1522 604 1567 cum
627 1511 661 1566 te
683 1496 754 1565 iam
776 1499 863 1566 olim
882 1499 1053 1588 singulari
1072 1501 1228 1570 benevo-
1280 1496 1416 1566 etiarnsi
1437 1511 1578 1583 errant,
1602 1521 1682 1567 cum
1705 1499 1877 1568 declinari
1903 1500 2059 1592 pericula
2082 1525 2180 1592 posse
2195 1500 2257 1568 exi·

231 1603 360 1686 leutia,
393 1625 468 1668 uon
495 1601 609 1670 solum
633 1612 778 1689 propter
797 1598 932 1689 ingenii
954 1601 1006 1671 tui
1029 1615 1064 1671 et
1085 1601 1227 1672 virtutis
1278 1598 1433 1683 stimant,
1458 1621 1523 1668 nos
1539 1591 1653 1668 tameri
1668 1623 1741 1668 non
1759 1595 1903 1670 horride
1919 1625 2118 1692 pugnamus
2133 1605 2175 1671 de
2189 1601 2257 1670 tali-

229 1703 501 1798 praestautiam,
548 1703 608 1770 sed
648 1701 752 1768 etiam
788 1716 933 1793 propter
967 1703 1229 1783 observantiam
1280 1700 1345 1768 bus
1360 1701 1508 1785 ritibus,
1533 1699 1615 1794 quia
1632 1701 1721 1770 aliae
1736 1715 1818 1772 sunt
1836 1704 2097 1772 controversiae
2114 1705 2258 1786 maiores,

232 1829 314 1896 erga
331 1819 488 1873 nostram
511 1800 700 1880 familiam,
728 1803 930 1893 complexus
945 1804 1029 1884 sim,
1056 1827 1129 1872 nou
1147 1829 1227 1874 mu·
1252 1859 1255 1921 Ι
1279 1803 1323 1870 de
1345 1802 1475 1894 quibus
1489 1801 1659 1872 acerrima
1674 1815 1758 1874 suut
1774 1805 1975 1878 certamina.
2029 1804 2074 1875 Ut
2094 1805 2198 1896 igitur
2212 1825 2257 1870 res

231 1919 353 1980 tarunt
377 1929 490 1973 meam
508 1926 587 1992 erga
605 1916 639 1973 te
656 1903 876 1974 voluntatem
895 1917 1072 1998 tempora,
1099 1931 1138 1976 ac
1159 1905 1227 1976 sic·
1252 1931 1256 1974 t
1280 1904 1489 1972 necessarias
1511 1904 1743 1989 retineamus,
1776 1927 1897 1974 surous
1921 1905 1958 1974 iu
1977 1930 2051 1975 non
2068 1905 2258 1975 necessariis

231 2009 295 2080 ubi
323 2021 464 2098 potero,
493 2029 530 2074 re
556 2006 632 2094 ipsa
654 2005 860 2096 declarabo,
887 2031 943 2076 me
959 2010 1002 2076 de
1018 2021 1052 2079 te
1067 2023 1228 2080 amanter
1279 2004 1397 2074 minus
1420 2003 1521 2090 deiri,
1556 2006 1760 2097 praesertim
1785 2031 1865 2076 cum
1887 2007 1977 2077 ritus
2003 2007 2056 2076 illi
2081 2030 2204 2094 magna
2225 2031 2259 2074 cr

233 2110 383 2192 sentire,
417 2131 456 2176 ac
479 2106 545 2176 tibi
566 2108 657 2174 bene
680 2107 781 2177 velle.
837 2106 942 2196 Quod
964 2134 1047 2179 vero
1064 2111 1227 2201 deploras
1281 2121 1376 2197 parte
1397 2118 1501 2176 antea
1517 2107 1713 2178 manserint
1730 2107 1764 2176 in
1784 2101 1913 2178 haruui
1928 2105 2131 2199 Regionum
2147 2105 2259 2178 Eccle-

232 2209 470 2282 Ecclesiarum
494 2208 747 2292 calamitatem,
786 2232 875 2300 quae
897 2235 994 2281 nnnc
1017 2211 1110 2281 edita
1134 2236 1225 2282 nova
1279 2208 1350 2282 siis.
1408 2203 1457 2278 Et
1478 2209 1749 2278 similitudinem
1771 2208 1909 2280 institui
1930 2211 2000 2280 iam
2023 2211 2113 2280 ulim
2136 2209 2260 2300 optavi·

232 2313 414 2383 doctrinae
439 2311 551 2378 forma
573 2309 818 2400 multipliciter
837 2314 1044 2396 turbantur,
1068 2337 1226 2384 commu·
1278 2333 1377 2394 mats,
1409 2323 1449 2378 ut
1473 2309 1677 2380 meministi.
1728 2309 1798 2380 Sed
1823 2311 1940 2382 aditus
1960 2313 2016 2397 lit,
2041 2313 2197 2406 inquies,
2221 2309 2259 2378 ad

195 2416 291 2530 :nis
312 2411 371 2483 hic
388 2425 439 2482 est
454 2413 558 2480 dolor
574 2411 767 2479 multorum
787 2411 937 2500 piorum.
991 2412 1160 2482 Videmus
1174 2427 1227 2484 te-
1278 2410 1510 2482 mutationem
1530 2412 1720 2496 maiorem,
1745 2424 1779 2482 et
1795 2435 1873 2503 spes
1890 2413 2097 2483 defectionis
2115 2412 2260 2483 ostendi-

231 2517 361 2588 ricbras
385 2513 505 2582 induci
529 2512 685 2590 veritati,
713 2511 797 2602 pelli
823 2515 952 2584 multos
976 2516 1090 2584 bonos
1110 2529 1145 2586 et
1160 2518 1227 2586 do-
1278 2523 1353 2597 tur,
1379 2511 1610 2583 confirmatur
1624 2512 1769 2582 audacia
1787 2515 2080 2589 adversariorum.
2134 2515 2260 2585 Scimus

135 2694 140 2712 .
221 2605 308 2690 'ctos
324 2615 487 2686 Pastores
508 2639 548 2682 ex
569 2613 642 2682 suis
658 2609 844 2700 Ecclesiis,
868 2617 988 2704 sagari
1010 2617 1129 2687 extales
1146 2642 1245 2706 cum
1279 2613 1389 2684 multa
1413 2627 1534 2684 contra
1555 2609 1648 2685 banc
1663 2615 1942 2686 moderationem
1959 2617 2048 2687 dici:
2076 2618 2138 2685 sed
2158 2613 2259 2685 maius

232 2719 389 2802 familiis,
406 2739 495 2810 quae
508 2714 686 2785 aerumnis
701 2715 797 2785 exilii
812 2730 846 2786 et
859 2717 950 2788 farne
966 2720 1226 2805 contabescunt,
1277 2717 1482 2786 scandalum
1499 2729 1589 2786 esset
1602 2717 1749 2786 vastatio
1766 2713 2023 2802 Ecclesiarum,
2048 2719 2165 2810 qualis
2178 2719 2213 2786 lit
2227 2715 2259 2782 iu

234 2815 383 2892 distrahi
397 2819 615 2900 voluntates,
637 2819 781 2890 accendi
797 2842 906 2888 novas
920 2819 1126 2908 discordias,
1152 2823 1226 2892 dis-
1276 2811 1424 2888 Suesia.
1474 2815 1513 2888 Si
1536 2812 1602 2887 hac
1622 2819 1866 2890 moderatione
1889 2821 2042 2890 obtineri
2067 2833 2199 2910 potest,
2221 2839 2260 2884 ne

233 2923 343 3016 sipari
369 2934 488 2992 coetus
512 2918 742 3003 discentium,
774 2921 837 2990 ubi
857 2945 925 2990 vox
947 2922 1128 2995 doctrinae
1144 2947 1225 2994 vera
1277 2933 1458 2992 mutentur
1471 2920 1632 2989 doctrina
1647 2933 1681 2990 et
1695 2919 1850 3010 liturgia,
1875 2945 1939 2992 nec
1954 2923 2135 3014 pellantur
2149 2919 2261 2991 Pasto-

233 3025 393 3097 sonabat.
442 3019 539 3090 llaec
554 3019 672 3090 omnia
689 3045 751 3110 per
766 3045 840 3092 sese
856 3037 940 3094 sunt
956 3025 1166 3110 tristissima,
1192 3039 1226 3096 et
1277 3045 1350 3110 res,
1365 3021 1505 3092 'iniuste
1518 3015 1827 3112 reprehendimur.

233 3129 277 3197 ad
300 3139 457 3218 posteros
473 3117 664 3195 Ethnicam
686 3123 885 3193 barbariem
909 3138 943 3194 et
959 3126 1225 3218 dissipationem
1378 3121 1419 3194 Iu
1437 3115 1605 3195 Francia
1622 3117 1785 3193 Marchio
1804 3115 1977 3192 Albertos
1995 3123 2181 3216 proposuit
2196 3122 2261 3192 lor-

233 3228 408 3298 infinitam
434 3225 604 3308 efficient,
629 3223 698 3292 uisi
714 3223 827 3296 Filius
840 3224 905 3294 Dei
929 3231 1054 3297 sedens
1075 3232 1117 3298 ad
1141 3231 1225 3298 dex·
1277 3251 1369 3296 mam
1391 3221 1680 3297 Ceremoniarum
1703 3225 1828 3309 talem,
1864 3247 1954 3318 quae
1975 3248 2048 3292 non
2076 3238 2193 3296 mutat
2213 3245 2262 3292 res

232 3345 323 3401 tram
349 3326 483 3398 aeterni
507 3324 640 3412 Patris,
666 3340 782 3396 custos
798 3323 974 3398 Ecclesiae
995 3353 1095 3416 suae,
1121 3331 1225 3401 nobis
1276 3329 1499 3401 necessarias.
1553 3325 1605 3395 lbi
1621 3351 1700 3395 cum
1716 3325 1878 3396 Pastores
1896 3323 2120 3412 dubitarent,
2147 3351 2192 3397 an
2207 3325 2262 3394 de-

233 3455 336 3524 opem
353 3430 457 3513 leret,
483 3452 587 3522 quem
600 3427 743 3520 quidem
761 3443 894 3516 tecum,
914 3445 948 3500 et
964 3455 1043 3501 cum
1058 3435 1225 3502 omnibus
1277 3431 1444 3500 serendae
1465 3429 1583 3520 potius
1607 3440 1723 3497 essent
1737 3423 1932 3509 Ecclesiae,
1960 3427 2150 3498 consilium
2168 3425 2261 3498 dedi·

232 3533 301 3630 piis
315 3545 388 3603 toto
403 3544 544 3622 pectore
559 3553 641 3614 oro,
661 3544 703 3599 ut
718 3545 831 3602 servet
847 3531 919 3622 ipse
932 3529 1117 3621 Ecclesias,
1144 3559 1224 3605 eum
1277 3555 1372 3614 mus,
1403 3531 1520 3622 potius
1541 3543 1582 3600 ut
1606 3517 1809 3599 servitutem
1831 3529 2039 3620 acciperent.
2090 3527 2174 3600 Tali
2191 3553 2262 3597 mo-

232 3651 328 3707 recte
342 3638 563 3716 invocantes,
589 3645 756 3702 eteorum
771 3629 935 3725 hospitia.
1277 3633 1458 3703 deratione
1487 3655 1550 3701 vos
1577 3655 1716 3726 quoque
1738 3631 1855 3722 potius
1878 3631 1932 3702 uti
1957 3630 2131 3722 optarim,
2163 3651 2260 3724 quarn

265 3777 267 3784 ι
337 3733 444 3824 Quod
470 3759 552 3804 vero
577 3734 682 3802 etiam
706 3737 749 3804 de
766 3735 896 3806 nostris
911 3737 1225 3810 deliberationibus
1277 3735 1495 3805 occasionem
1529 3735 1695 3824 praebere
1721 3755 1864 3822 prorsus
1884 3731 2085 3824 expellendi
2107 3731 2260 3802 Pastores

233 3839 368 3932 aliquid
391 3835 581 3926 significari
604 3837 711 3926 petis,
744 3839 808 3907 etsi
830 3862 943 3907 uuum
968 3853 1019 3909 est
1037 3841 1223 3911 consilium
1277 3833 1518 3915 chcclesiis‚
1552 3847 1615 3905 aut
1629 3833 1813 3924 Principes
1836 3835 1930 3924 ipsos
1953 3832 2101 3904 onerar'e
2122 3833 2261 3902 maiori-

182 3929 186 3939 ’
233 3939 481 4034 praecipuum,
520 3961 565 4006 ue
593 3939 790 4008 doctrinam
817 3941 1021 4020 coelestem,
1062 3955 1225 4034 quaeest
1276 3940 1342 4008 bus
1366 3937 1549 4030 periculis,
1579 3961 1733 4028 quorum
1756 3937 1859 4006 aetati
1881 3949 1915 4005 et
1939 3931 2137 4007 infirmitati
2164 3935 2260 4006 etiarn
2307 4005 2308 4024 ἢ

232 4044 421 4112 immotum
441 4037 509 4108 Dei
534 4041 731 4124 decretum,
770 4055 962 4126 mutemus,
1001 4057 1036 4116 et
1061 4045 1223 4124 divinum
1276 4042 1491 4132 parcendum
1505 4053 1566 4108 est.
1597 4037 1669 4108 Nec
1685 4037 1755 4106 illis
1770 4037 1986 4108 elamoribus
1999 4060 2157 4122 moveor,
2177 4037 2260 4105 facta

232 4143 403 4215 auxilium
427 4153 662 4232 expectemus,
695 4156 813 4213 tamen
834 4143 862 4212 si
886 4139 952 4213 bae
973 4145 1135 4215 miseriae
1155 4147 1222 4216 ali·
1277 4142 1519 4221 inclinatione,
1544 4154 1661 4232 postea
1678 4140 1848 4231 petituros
1862 4161 1936 4213 esse
1950 4139 2170 4210 adversarios
2183 4137 2260 4208 reli·
2307 4173 2308 4184 κ

231 4269 301 4340 qua
325 4268 365 4316 ex
387 4253 485 4335 parte
506 4242 653 4312 consilio
677 4244 781 4312 leniri
804 4259 967 4336 possunt,
990 4249 1142 4339 optarim
1159 4271 1224 4318 nos
1277 4267 1425 4337 quarum
1443 4267 1560 4313 rerum
1576 4242 1821 4315 mutationem.
1871 4239 1976 4311 Nunc
2000 4241 2174 4309 confessio
2201 4263 2261 4307 oo-

230 4372 302 4420 uua
326 4344 481 4438 colloqui
503 4367 614 4437 posse.
665 4342 755 4414 Nam
779 4340 864 4415 haec
886 4360 981 4417 tanta
1005 4373 1123 4420 rerum
1147 4375 1224 4419 ma·
1277 4361 1347 4416 stra
1363 4349 1406 4416 de
1422 4347 1528 4416 rebus
1545 4344 1749 4414 necessariis
1766 4342 1920 4416 auditur.
1973 4339 2015 4410 ln
2037 4337 2103 4410 hac
2123 4341 2260 4410 iuvante

231 4449 380 4538 gnitudo
404 4471 477 4516 non
504 4459 618 4538 potest
640 4443 801 4539 Epistola
829 4445 1092 4539 comprehendi.
1153 4451 1223 4522 Sed
1276 4445 1370 4530 Deo,
1403 4461 1437 4520 et
1456 4459 1574 4540 postea
1599 4445 1830 4516 constantiam
1854 4443 2110 4535 praestabimus
2133 4468 2173 4512 eo
2194 4443 2261 4510 ala·
2307 4465 2308 4516 t

230 4565 270 4620 ut
286 4547 353 4619 tibi
367 4549 497 4640 petenti
512 4572 588 4618 mos
604 4561 762 4638 geratur,
789 4549 874 4644 quid
892 4545 982 4620 mihi
997 4565 1032 4620 et
1045 4553 1124 4621 aliis
1144 4553 1224 4648 qui·
1276 4550 1389 4636 crios,
1423 4549 1505 4642 quia
1527 4549 1630 4618 uobis
1654 4548 1807 4618 obiicere
1830 4571 1905 4615 nou
1925 4559 2114 4636 poterunt,
2140 4569 2206 4614 nos
2227 4545 2259 4610 ia
2307 4517 2308 4596 i

229 4653 379 4724 busdam
405 4649 611 4720 docentibus
624 4647 799 4722 Ecclesias
822 4653 860 4721 in
876 4647 941 4722 luc
957 4651 1085 4724 vicinia
1103 4653 1223 4726 videa·
1276 4653 1381 4722 rebus
1412 4651 1549 4742 parvis,
1585 4673 1660 4718 non
1692 4649 1913 4732 necessariis,
1952 4647 2148 4738 pertinaces
2182 4667 2260 4714 esse.

229 4771 306 4840 tur,
332 4751 495 4823 scribam.
1275 4750 1346 4824 Res
1364 4753 1526 4822 ostendet
1541 4773 1604 4820 nos
1621 4753 1664 4820 de
1680 4751 1815 4840 maguis
1829 4749 1940 4819 causis
1956 4771 2124 4840 pugnare.
2177 4748 2261 4818 For-

331 4853 413 4924 Alia
435 4851 645 4922 deliberatio
667 4869 718 4926 est
740 4857 784 4924 de
799 4857 901 4928 nobis
918 4857 1083 4948 singolis,
1110 4857 1140 4926 si
1155 4879 1222 4928 no-
1274 4855 1374 4925 tassis
1397 4868 1430 4924 et
1452 4877 1570 4938 mora,
1604 4855 1688 4922 dum
1711 4847 1796 4922 haec
1822 4851 2066 4943 disputantur,
2098 4847 2260 4920 Ecclesiis

227 4970 300 5026 stro
323 4954 480 5048 periculo
497 4953 668 5024 consessio
686 4956 821 5026 edenda
836 4959 899 5042 sit,
924 4974 966 5030 ut
981 4959 1137 5054 fortassis
1153 4959 1221 5028 ali·
1275 4956 1448 5047 proderit:
1476 4953 1544 5027 Sed
1562 4953 1698 5024 etiamsi
1710 4978 1808 5024 mora
1827 4977 1901 5023 nou
1920 4967 1970 5024 est
1985 4954 2189 5044 protutura,
2212 4965 2261 5020 ta·
2307 4957 2308 5026 l

226 5071 359 5152 quanto
376 5071 456 5149 post
471 5056 655 5150 inquisitio
670 5058 708 5125 in
724 5059 881 5148 singulos
899 5061 1113 5135 instituetur.
1152 5059 1222 5131 Hic
1276 5083 1354 5128 meu
1378 5053 1464 5128 haec
1485 5057 1679 5128 consolatio
1704 5080 1778 5126 nou
1799 5055 1939 5124 inutilis
1965 5068 2034 5141 est,
2061 5055 2157 5147 quod
2174 5067 2259 5122 taru-

225 5159 421 5251 optandum
445 5171 513 5244 est,
539 5171 580 5229 ut
603 5159 733 5230 eruditi
751 5161 950 5232 testimonia
966 5164 1149 5235 doctrinae
1164 5183 1220 5232 re-
1273 5161 1334 5230 diu
1352 5159 1500 5228 infirmis
1518 5158 1751 5252 pepercimus,
1778 5171 1812 5226 et
1828 5158 1923 5250 quod
1938 5181 2012 5228 non
2027 5155 2143 5248 statim
2159 5154 2257 5223 initio

223 5261 391 5353 linquant
410 5261 514 5350 plana
531 5274 564 5330 et
578 5263 780 5356 perspicua,
815 5262 852 5332 in
869 5265 1035 5335 omnibus
1051 5263 1220 5349 articulis,
1273 5263 1498 5332 solitudinem
1521 5263 1558 5331 in
1584 5257 1751 5330 Ecclesiis
1772 5259 1936 5340 fecimus,
1971 5258 2199 5354 quaedem,
2232 5253 2259 5321 si

222 5377 258 5433 et
278 5385 352 5433 ooo
375 5361 695 5452 frangunturmetu
713 5365 980 5461 suppliciorum.
1034 5363 1115 5438 Alia
1133 5389 1217 5438 vero
1273 5365 1372 5437 nulla
1394 5365 1431 5434 in
1459 5387 1495 5433 re
1517 5363 1721 5455 potentibus
1743 5364 1953 5432 cederemus.
2012 5356 2060 5432 Et
2082 5354 2166 5430 haec
2187 5359 2257 5448 ipsa
