4670 5808
197 243 275 324 995
784 233 1214 312 EPISTOLARUM
1267 233 1369 312 LlB.
1397 231 1478 314 xll.
1533 235 1659 313 1562.
2181 232 2252 310 066

198 438 331 494 rarum.
381 413 569 488 Ministros
583 405 769 499 Evangelii
783 433 860 482 uon
875 408 989 480 solum
1002 406 1193 500 111111111-
1246 433 1307 480 nes
1325 411 1368 480 de
1386 407 1614 500 poenitentia.
1663 399 1791 480 Postea
1807 431 1898 502 quae
1914 409 2057 502 piorum
2072 419 2109 479 et
2125 409 2251 478 docto·

199 518 322 590 toritas
341 519 400 586 sed
424 514 530 586 etiam
546 511 927 605 populibencvoleutla
943 524 1072 584 tuetur.
1123 509 1195 582 Po·
1246 535 1325 582 rum
1343 512 1486 596 iudicia,
1511 533 1602 605 quae
1616 505 1733 581 studia
1748 513 1940 582 multarum
1955 511 2116 601 gentium
2131 521 2250 578 secuta

199 621 323 712 pulum
347 641 430 690 vero
447 629 482 688 et
500 614 722 704 singulorum
735 615 897 684 fortunas
912 613 1071 684 defendit
1085 609 1195 704 Regis
1245 613 1317 683 sint
1336 635 1411 682 nou
1436 613 1626 683 obscumm
1649 623 1713 686 cst.
1771 607 1889 682 llnius
1908 607 2060 682 Hamas·
2079 633 2192 681 manu
2216 621 2250 679 11

200 720 349 791 iusticia.
970 706 973 722 ⁴
1246 715 1333 783 aliae
1347 715 1480 783 multae
1494 713 1686 784 sententiae
1699 715 1848 806 scriptae
1863 728 1956 788 sunt.
2006 710 2248 786 1111111600.

299 818 397 890 Haec
418 819 512 888 bona
527 841 608 888 cum
625 829 759 884 eertum
775 814 820 882 sit
836 837 856 882 a
872 811 948 884 Deo
963 814 1090 899 tribui,
1115 833 1194 902 gra·
1246 817 1295 886 ait
1318 815 1356 884 in
1372 813 1517 908 Europa
1540 816 1705 885 universa
1731 829 1960 906 regnaturum
1974 837 2048 885 esse
2063 811 2248 884 bominem

198 922 265 992 tias
287 922 319 992 11
341 931 417 991 1111
439 933 579 1011 pectore
599 939 662 1006 ago
688 939 768 985 cum
790 913 868 984 aliis
888 915 1028 1000 multis,
1059 927 1093 986 et
1113 938 1193 982 cum
1245 917 1506 1003 saevissimum
1538 931 1573 988 et
1595 941 1676 986 mox
1700 916 1737 984 in
1761 917 1894 1008 pagella
1916 917 2025 986 altera
2047 915 2169 1009 inquit
2192 939 2248 983 re-

198 1046 282 1108 oro,
318 1035 359 1092 ut
386 1041 523 1111 semper
543 1033 577 1090 et
597 1014 789 1087 Ecclesiam
812 1017 907 1086 inter
928 1035 991 1085 vos
1016 1029 1193 1088 aeternam
1246 1029 1415 1107 guaturos
1438 1039 1511 1087 esse
1527 1015 1609 1108 Gog
1624 1032 1658 1088 et
1677 1015 1807 1108 Magog
1823 1041 1918 1088 anno
1938 1017 2051 1091 1606.
2102 1013 2248 1110 Opinor

199 1123 360 1213 colligat,
393 1133 426 1190 ct
447 1121 598 1192 similem
619 1117 911 1208 gubernationem
933 1119 1036 1188 vobis
1052 1119 1195 1200 tribuat,
1246 1133 1421 1212 utrunque
1443 1119 1720 1210 praedictionem
1744 1121 1788 1188 de
1807 1119 1937 1190 Turris
1960 1119 2070 1214 loqui.
2122 1117 2196 1190 Sed
2218 1117 2248 1188 si

199 1226 297 1320 quod
317 1249 358 1294 eo
375 1222 480 1294 etiam
497 1235 600 1312 opto,
633 1219 715 1312 quia
733 1218 772 1286 in
787 1215 980 1288 Germania
995 1219 1194 1290 distractio-
1247 1221 1405 1290 diversae
1428 1235 1547 1310 gentes
1568 1221 1773 1312 peregrinae
1794 1233 1829 1291 et
1855 1221 2026 1291 barbarae
2041 1219 2247 1310 significan-

199 1349 263 1398 ucs
277 1323 515 1396 Ecclesiamm
530 1321 699 1415 paulatim
716 1319 807 1390 bum
821 1321 1028 1406 atrociores,
1053 1333 1088 1391 et
1103 1319 1195 1392 bella
1248 1336 1323 1406 tur,
1348 1345 1438 1415 quac
1460 1321 1569 1391 simili
1590 1323 1797 1392 crudelitate
1809 1318 1991 1414 Europam
2008 1323 2199 1392 vastabunt
2212 1333 2249 1392 et

199 1425 304 1498 malis
325 1425 477 1516 ingeniis
497 1425 577 1516 plus
599 1421 762 1495 licentiae
777 1423 983 1494 concedent.
1034 1419 1092 1492 Ad
1110 1417 1195 1492 hacc
1247 1424 1342 1494 inter
1358 1446 1432 1494 sese
1448 1423 1688 1508 dimicabunt,
1713 1423 1794 1516 plus
1810 1425 1878 1496 erit
1892 1423 2146 1498 calamitatum.

200 1529 231 1600 si
247 1527 394 1598 Turrici
417 1527 586 1596 exercitus
611 1522 649 1592 in
665 1519 896 1594 Germaniam
920 1523 1083 1608 venient,
1107 1547 1195 1616 qua-
1348 1521 1446 1594 Haec
1474 1523 1567 1594 mala
1594 1525 1664 1594 iarn
1693 1525 1818 1616 procul
1846 1525 2007 1610 intuens,
2040 1543 2248 1620 quanquam

200 1629 246 1700 lis
260 1628 403 1700 vastitas
420 1626 510 1698 erit?
560 1620 769 1716 Optandum
786 1638 838 1694 cst
855 1623 980 1714 igitur,
1009 1639 1049 1695 ut
1065 1623 1194 1694 alicubi
1248 1649 1321 1694 non
1339 1625 1484 1715 longum
1502 1639 1641 1716 tempus
1655 1639 1724 1711 est,
1757 1651 1838 1696 cum
1852 1639 1991 1698 tantum
2009 1627 2054 1695 ab
2067 1621 2137 1697 hoc
2151 1649 2247 1695 auno

200 1727 356 1802 Ecclesia
373 1729 499 1798 nidum
514 1740 549 1797 et
561 1725 758 1818 Halcyonia
777 1721 923 1810 habeat,
948 1726 1011 1795 ubi
1029 1728 1196 1818 frequen·
1247 1739 1377 1796 restent
1391 1728 1434 1795 ad
1450 1727 1700 1818 praedictionis
1714 1751 1902 1798 numerum
1917 1729 2004 1797 anni
2017 1725 2091 1812 48,
2118 1722 2250 1797 eohor-

201 1833 249 1902 tia
264 1843 357 1902 recte
373 1829 594 1900 eruditorum
609 1849 683 1902 esse
698 1827 819 1918 possit,
838 1826 901 1920 qni
915 1827 1007 1898 inter
1021 1850 1094 1908 sese
1110 1849 1196 1896 con·
1249 1853 1343 1898 resco
1363 1841 1438 1898 toto
1462 1851 1626 1920 corpore,
1660 1829 1759 1921 quasi
1781 1829 1852 1897 iam
1875 1851 2023 1900 cernens
2043 1843 2078 1900 et
2097 1830 2247 1898 urbium

200 1935 316 2004 ferant
338 1930 548 2009 sententias,
575 1941 609 1999 et
628 1939 750 2016 regant
764 1927 880 1997 studia
895 1927 1046 2000 aliorum
1063 1941 1196 1999 111111-
1247 1930 1411 2000 incendia
1434 1923 1640 2025 slepaima,
1667 1929 1881 2021 templorum
1895 1943 1929 2000 et
1943 1925 2144 2000 scholarum
2160 1929 2249 2000 soli-

201 2033 291 2104 silia.
341 2028 944 2126 8111111111111111111111111111111,
968 2029 1195 2122 nunimpen-
1249 2030 1407 2118 tudines,
1448 2031 1487 2100 in
1518 2027 1575 2100 his
1596 2031 1727 2100 nostris
1749 2031 1883 2100 nidulis
1904 2045 2070 2123 vagantes
2092 2029 2249 2116 Turcos,

201 2137 286 2205 dere
308 2156 452 2224 magnas
475 2132 704 2222 imperiorum
727 2129 950 2200 confusiones
973 2145 1008 2202 et
1030 2131 1196 2202 vastatio·
1249 2129 1418 2204 Tartarus
1442 2145 1503 2202 aut
1518 2131 1656 2215 iberos,
1683 2131 1763 2225 qui,
1789 2132 1904 2202 deleta
1920 2157 2002 2203 steca
2018 2133 2183 2203 doctrina
2201 2134 2249 2203 de

201 2259 285 2321 nes,
310 2229 369 2316 hi,
396 2249 435 2305 ut
457 2257 532 2302 non
546 2231 661 2302 dicam
678 2231 722 2304 de
738 2231 841 2301 bellis
856 2231 1083 2322 germanicis,
1108 2231 1197 2301 vici·
1249 2229 1342 2314 Deo,
1373 2233 1516 2303 abolitis
1540 2234 1705 2304 omnibus
1727 2233 1864 2323 legibus
1887 2247 1922 2304 et
1937 2235 2145 2326 discipliuae
2162 2257 2252 2303 ner-

201 2360 285 2406 nam
301 2333 524 2406 Pannoniam
546 2335 768 2420 intueantur,
800 2357 841 2402 ex
862 2357 930 2426 qua
952 2357 1025 2403 non
1050 2347 1100 2404 est
1121 2357 1196 2402 cre·
1249 2334 1319 2418 vis,
1362 2335 1523 2404 omnium
1565 2335 1734 2404 scelerum
1769 2335 2015 2426 impunitatem
2050 2329 2251 2409 habebunt.

201 2439 312 2508 dibile
343 2439 439 2508 ultro
466 2435 570 2505 nobis
596 2457 753 2504 cessuros
778 2457 852 2502 esse
879 2433 1034 2520 Tuscos,
1070 2447 1131 2504 aut
1156 2458 1195 2502 ea
1250 2434 1330 2523 Qua
1350 2436 1388 2504 in
1403 2435 1631 2526 cogitatione,
1658 2459 1736 2505 cum
1756 2450 1901 2528 propter
1915 2435 2051 2508 doloris
2066 2437 2252 2527 magnitu-

201 2561 345 2633 prorsus
377 2549 544 2628 occupata
569 2559 644 2605 non
671 2535 709 2602 in
734 2532 964 2604 Germaniam
987 2536 1198 2606 transituros
1249 2539 1369 2606 dinem
1389 2560 1446 2606 me
1470 2538 1514 2604 ab
1538 2531 1605 2606 hoc
1630 2537 1721 2606 tristi
1737 2539 1935 2629 spectaculo
1950 2561 2114 2608 revocare
2126 2559 2252 2628 cogar,

202 2663 287 2714 esse.
326 2635 399 2710 lam
414 2649 740 2731 quoquecertorum
757 2631 943 2706 hominurn
961 2636 1197 2727 literissigni-
1249 2639 1293 2707 ad
1318 2649 1370 2724 te,
1407 2637 1459 2708 lili
1481 2635 1569 2724 Dei,
1601 2635 1756 2707 Domine
1780 2637 1857 2708 lesu
1881 2633 2040 2724 Christe,
2078 2639 2252 2710 crucifixe

201 2743 344 2825 ficator,
365 2761 511 2828 magnos
527 2751 561 2810 11
575 2735 824 2808 Τ11111111111
838 2735 1010 2808 Tuccicos
1025 2739 1197 2810 exercitus
1249 2763 1313 2830 pro
1336 2741 1441 2809 nobis
1465 2753 1499 2808 et
1519 2739 1741 2824 resuscitate,
1773 2764 1830 2808 me
1852 2755 2019 2812 converto
2040 2753 2142 2834 teque
2167 2766 2253 2828 oro,

200 2840 342 2916 adduci.
393 2839 476 2914 scio
500 2839 610 2910 rideri
631 2839 791 2932 prodigia
814 2852 849 2909 11
872 2840 1057 2924 vaticinia,
1086 2839 1196 2910 utri-
1248 2863 1294 2910 ne
1316 2863 1383 2910 nos
1404 2840 1443 2908 in
1465 2835 1533 2910 hac
1555 2841 1721 2930 languida
1742 2857 1879 2912 senecta
1900 2843 2056 2928 deseras,
2089 2843 2149 2911 sed
2176 2843 2253 2911 im-

201 2945 367 3016 dentura
385 2940 500 3035 procis
516 2939 727 3031 Penelopes,
751 2941 844 3032 apud
859 2937 1067 3012 Homerum.
1118 2935 1195 3032 Ego
1248 2963 1369 3012 mensa
1389 2941 1548 3012 bonitate
1567 2955 1627 3014 tua
1651 2937 1714 3011 has
1729 2967 1860 3034 poenas
1876 2941 1981 3013 nobis
1996 2957 2031 3015 et
2044 2944 2253 3036 posteritati

200 3059 338 3130 tamen,
377 3043 516 3118 etiamsi
537 3041 684 3114 timidus
714 3054 777 3111 aut
798 3042 1064 3132 supersticiosas
1088 3041 1197 3128 dicar,
1247 3043 1379 3130 lenias,
1409 3057 1442 3114 et
1454 3044 1492 3112 in
1508 3039 1565 3113 his
1580 3043 1785 3131 regionibus
1800 3039 1973 3114 Ecclesias
1987 3059 2023 3116 et
2037 3067 2155 3115 earnm
2174 3039 2253 3116 ho·

199 3147 292 3218 fateo
308 3143 505 3218 metalium
521 3143 680 3214 virorum
697 3141 874 3214 vaticiniis
888 3145 1035 3228 moveri,
1061 3143 1098 3212 in
1116 3143 1196 3238 qui-
1247 3145 1535 3238 spitiaprotegat.
1575 3142 1671 3239 Haec
1687 3145 1792 3214 etiam
1809 3169 1884 3214 non
1900 3169 1991 3215 vana
2006 3145 2173 3217 vaticinia
2189 3171 2252 3217 re-

200 3249 269 3320 bus
284 3245 492 3336 significatio
508 3257 559 3316 est
573 3245 688 3313 divini
703 3244 858 3336 spiritus.
889 3243 974 3316 Fuit
987 3259 1067 3316 ante
1083 3269 1196 3316 aranos
1247 3247 1328 3332 cito,
1351 3261 1392 3317 ut
1405 3247 1565 3338 pluribus
1578 3259 1660 3316 nota
1675 3244 1758 3332 sint,
1783 3245 1933 3317 etmulti
1946 3247 1988 3316 ad
2005 3247 2252 3342 precationem

200 3349 273 3420 fere
289 3360 430 3418 centum
446 3345 484 3415 in
501 3345 633 3436 oppido
648 3341 868 3434 Thuringiae
885 3342 1054 3416 Iseunaeo
1069 3347 1105 3415 in
1122 3346 1197 3416 col·
1247 3349 1476 3432 accendatur,
1501 3345 1613 3440 aliqui
1635 3345 1741 3415 ctiam
1756 3347 1930 3418 admoniti
1946 3348 2173 3436 considerent
2190 3373 2252 3420 se·

199 3450 292 3534 legio
314 3445 631 3522 Franciscanorum
652 3446 708 3516 vir
727 3445 843 3517 dictus
865 3439 1058 3516 Iohannes
1071 3443 1196 3544 Hills·
1247 3449 1343 3518 mina
1356 3461 1391 3519 et
1404 3442 1723 3545 προκαταρκτικὰς
1736 3471 1856 3518 causas
1867 3463 2045 3520 tantarum
2059 3449 2252 3522 calamita-

162 3538 169 3565 ⁸
201 3549 306 3638 nius,
330 3549 497 3644 quicum
521 3547 720 3620 eruditione
746 3559 779 3616 ct
801 3546 928 3638 pietate
949 3549 1073 3619 ceteris
1095 3561 1196 3619 ante-
1246 3563 1343 3630 tum,
1373 3563 1407 3620 et
1430 3550 1503 3620 siut
1524 3549 1767 3624 modestiores.
1816 3545 1882 3620 Est
1904 3563 1939 3622 et
1961 3551 2158 3622 terribilior
2182 3577 2249 3624 ex-

200 3653 361 3737 celleret,
399 3649 624 3722 absurdiores
651 3648 918 3742 superstitiones
943 3665 1028 3721 tunc
1054 3673 1195 3744 quoque
1247 3651 1388 3744 plicatio
1404 3647 1533 3721 horum
1547 3651 1796 3722 vaticiniorum
1812 3651 1932 3723 addita
1949 3651 2060 3746 ipsius
2072 3677 2185 3724 manu
2202 3657 2251 3725 de

200 3775 327 3842 magna
345 3753 518 3842 gravitate
542 3751 683 3825 taxavit.
732 3747 766 3820 ls
787 3773 868 3821 cum
889 3749 959 3822 alia
982 3751 1091 3821 multa
1114 3775 1195 3841 pre-
1247 3765 1422 3844 tempore,
1463 3775 1569 3846 quarn
1603 3753 1667 3822 din
1694 3749 1845 3822 'l'urcica
1872 3754 2035 3848 tyrannis
2059 3749 2250 3846 Europam

202 3855 291 3926 dixit
312 3855 356 3924 de
378 3849 505 3926 harum
522 3851 1085 3948 regionumcalamitatibus-quas
1101 3853 1194 3924 vidi·
1247 3853 1419 3948 reliquam
1450 3867 1625 3924 vastatura
1654 3855 1710 3927 sit.
1769 3851 1839 3926 Sed
1870 3854 1923 3926 lui
1952 3855 2095 3948 longior
2115 3856 2153 3924 iu
2176 3851 2250 3928 hac

202 3979 300 4040 mus,
329 3967 408 4026 tum
440 3977 524 4024 vero
550 3954 810 4026 enarrationem
838 3951 998 4026 Danielis
1028 3953 1194 4048 scriptam
1246 3953 1596 4040 commemoratione,
1628 3977 1733 4049 quam
1751 3955 1925 4026 volebam.
1975 3953 2049 4028 Nec
2063 3981 2146 4027 vero
2160 3981 2249 4029 suun

201 4054 365 4150 reliquit,
397 4055 434 4124 in
456 4079 525 4148 qua
549 4055 658 4125 multa
682 4054 866 4126 annotavit
879 4077 941 4126 sua
955 4079 1064 4128 mauu
1078 4057 1123 4126 de
1135 4055 1195 4126 iu·-
1246 4055 1403 4142 Stoicus,
1442 4069 1482 4126 ut
1513 4053 1668 4145 mitigari
1698 4055 1767 4127 fata
1801 4079 1875 4125 non
1903 4079 2005 4150 posse
2035 4057 2249 4130 existimem.

201 4157 393 4232 clinatione
408 4153 526 4246 Regni
541 4153 738 4238 Pontificii,
771 4159 816 4225 dc
831 4154 983 4228 'l'urcica
996 4157 1194 4250 irruptione
1248 4157 1363 4228 Multa
1395 4155 1603 4249 Principum
1638 4155 1807 4248 sapientia
1841 4157 1947 4228 leniri
1981 4173 2141 4252 posseut3
2180 4165 2250 4232 sed

201 4262 239 4338 in
257 4256 487 4330 Germaniam
510 4268 544 4326 et
564 4257 609 4326 de
622 4255 703 4325 aliis
721 4279 909 4346 regnorum
928 4259 1194 4334 mutationibus.
1246 4259 1382 4330 etiamsi
1403 4259 1508 4329 multi
1531 4273 1640 4330 ruunt
1662 4259 1701 4326 iu
1718 4281 1867 4350 poenas,
1892 4257 2011 4330 11111111
2026 4259 2158 4331 alicubi
2173 4262 2249 4331 ali-

200 4359 254 4432 De
268 4359 434 4434 Romano
451 4356 625 4432 Pontilice
645 4379 804 4446 expresse
826 4358 966 4450 scripsit
977 4361 1116 4432 circiter
1129 4383 1194 4430 an·
1246 4381 1397 4452 quornm
1418 4359 1638 4450 diligentiam
1659 4359 1878 4452 profuturam
1892 4383 1966 4431 esse
1980 4361 2115 4454 patriae
2130 4385 2251 4454 spem.

201 4485 288 4533 num
304 4485 323 4532 a
337 4459 455 4532 Natali
469 4456 602 4533 Christi
622 4457 729 4532 1516.
744 4457 887 4530 initium
901 4461 977 4531 fore
991 4461 1195 4534 inclinatio·
1245 4461 1318 4532 Nec
1337 4461 1432 4531 lilius
1447 4459 1514 4532 Dei
1531 4459 1670 4533 Stoicus
1693 4473 1762 4545 est,
1787 4459 1848 4554 qui
1872 4459 2083 4532 tristissimis
2099 4465 2251 4536 concio-

201 4563 257 4636 nis
281 4562 459 4651 potentiac
472 4559 629 4635 Romani
652 4559 854 4642 Pontificio,
887 4573 921 4632 et
937 4585 1014 4632 eam
1030 4563 1195 4654 deinceps
1246 4563 1352 4633 nibus
1374 4561 1446 4634 suis
1463 4565 1507 4632 dc
1521 4557 1588 4633 hac
1605 4562 1678 4653 ipsa
1697 4561 1824 4631 mundi
1841 4577 1978 4634 1111111
1995 4559 2089 4633 hanc
2104 4565 2250 4636 addidit

200 4663 311 4756 magia
336 4663 517 4756 magisque
538 4663 711 4733 ruituram
733 4685 825 4748 esse,
857 4687 922 4736 nec
946 4665 1102 4736 futuram
1122 4687 1195 4736 esse
1246 4663 1539 4734 consolationem:
1567 4663 1667 4735 iubet
1682 4685 1749 4731 nos
1767 4663 1923 4754 precari,
1948 4657 2065 4735 1111111
2081 4689 2249 4738 commu-

199 4765 461 4846 restitutionem
492 4763 663 4854 pristinae
694 4765 894 4838 autoritatis
920 4779 982 4838 aut
1007 4767 1195 4860 potentiae.
1247 4767 1353 4836 uibus
1373 4765 1476 4836 malis
1496 4765 1741 4857 opprimamur
1748 4789 1758 4850 ;
1784 4763 1939 4836 servabit
1951 4765 2061 4862 igitur
2076 4777 2161 4836 suos
2176 4767 2251 4836 ali-

199 4867 280 4940 Hoc
304 4867 512 4940 vaticinium
532 4889 613 4934 cum
633 4880 777 4936 eventus
793 4869 1094 4959 comprobaverit,
1118 4893 1196 4940 non
1246 4889 1335 4962 quos
1360 4879 1478 4938 coetus
1501 4865 1595 4936 inter
1614 4861 1677 4936 1111
1701 4862 1930 4956 imperiorum
1952 4865 2087 4936 ruinas.
2136 4861 2188 4938 Et
2206 4883 2252 4940 nt

201 4983 388 5042 contemno
413 4981 564 5044 caeteras
584 4965 660 5035 eius
682 4968 948 5058 praedictiones.
998 4969 1091 5044 Nota
1111 4983 1196 5043 sunt
1246 4981 1372 5054 servet,
1394 4963 1601 5038 ardentibus
1615 4957 1705 5037 votis
1719 4991 1799 5037 eum
1814 4989 1965 5036 oremus.
1997 4963 2121 5039 Simus
2136 4967 2250 5038 ctiam

88 5145 91 5152 .
201 5069 296 5143 euim
320 5070 422 5141 initia
448 5067 681 5140 certaminum
702 5062 870 5154 Lutheri,
900 5075 939 5141 in
963 5073 1093 5167 quibus
1113 5095 1195 5142 cum
1245 5093 1341 5141 nunc
1365 5069 1403 5138 in
1428 5071 1587 5140 docendo
1608 5083 1643 5141 et
1665 5067 1704 5138 in
1726 5067 1889 5139 fovendis
1904 5065 2074 5140 Ecclesiis
2088 5067 2249 5158 diligen-

200 5171 284 5243 tetri
303 5193 440 5244 errores
454 5163 715 5242 Monachorum
738 5183 771 5240 11
788 5166 998 5244 Pontificum
1018 5172 1128 5246 taxati
1141 5193 1195 5242 esa
1246 5172 1372 5252 tiores,
1408 5194 1454 5240 ne
1477 5170 1574 5264 prius
1597 5169 1729 5265 nostris
1748 5167 1930 5242 furoribus
1952 5183 1989 5240 ct
2005 5165 2165 5242 dissidiis
2181 5195 2250 5242 cx·

201 5283 298 5355 sent,
335 5271 438 5342 valde
473 5271 679 5342 labefactata
713 5283 765 5342 111
796 5271 966 5343 autoritas
997 5273 1195 5348 Pontificio.
1246 5271 1428 5362 tinguatur
1448 5271 1511 5346 lux
1531 5273 1733 5356 doctrinae,
1764 5283 1801 5344 et
1820 5282 1977 5344 vastetur
1992 5271 2106 5363 patria
2123 5270 2250 5344 civili-

201 5369 293 5452 Nam
318 5393 413 5440 suno
438 5371 727 5463 sesaminum
752 5372 1195 5471 editaesuntpropositio-
1244 5373 1313 5444 bus
1328 5374 1455 5459 arinis,
1487 5397 1594 5468 quam
1613 5371 1785 5445 Turcicis.
1836 5369 1910 5444 Suo
1925 5369 2035 5464 igitur
2051 5371 2131 5444 loco
2144 5373 2251 5468 qnis-
