4642 5808
251 233 328 310 aar
832 225 1270 344 urrsrouaauu
1320 231 1518 310 Ltaxt.
1572 231 1707 313 ests.
2049 279 2054 282 -
2216 233 2291 308 aas

253 401 512 488 δέξασθαικαὶ
526 399 734 478 ἀποδοῦναι
749 395 902 502 λόγους,
929 417 964 474 et
983 427 1039 474 me
1057 425 1158 495 saepe
1173 403 1244 471 uti·
1296 403 1334 474 io
1357 401 1424 476 bac
1446 418 1541 475 tanta
1563 405 1713 496 caligine
1738 417 1771 474 et
1796 403 2003 474 contusione
2018 404 2230 496 opinionum
2257 417 2288 473 et

253 508 336 577 liter
350 509 506 588 monuit,
522 521 639 577 tamen
657 519 692 576 et
705 499 797 574 hanc
810 506 983 596 placidam
1000 505 1247 596 migrationem
1295 507 1518 578 voluntatum
1536 509 1629 576 mala
1652 506 1931 590 inextricabilia,
1949 521 2102 598 propter
2119 531 2210 598 quae
2228 508 2288 576 ab

253 609 422 700 gratulor.
474 607 601 680 Multis
616 608 711 677 enim
728 605 936 676 tristissimis
948 606 1154 700 spectaculis
1170 629 1247 676 ere-
1296 609 1379 678 dere
1411 607 1502 678 sein
1528 609 1754 678 densissimos
1777 608 1887 678 saltus
1909 601 2072 676 homines
2096 629 2180 676 sanc
2202 609 2288 676 mal-

253 723 336 802 ptus
353 724 415 781 est.
442 707 612 801 Saepetle
630 722 666 780 te
681 721 839 778 amanter
852 709 991 780 locutos
1005 721 1057 780 est
1071 705 1126 778 bis
1145 729 1247 776 men·
1296 710 1388 796 lent,
1426 735 1532 804 quam
1568 711 1736 782 interesse
1775 707 2092 780 deliberationibus
2127 709 2287 800 publicis,

255 813 369 896 sibus,
396 811 527 905 quibus
543 809 756 900 aegrotavit,
779 810 897 881 literas
912 825 1007 894 tuas,
1033 811 1171 904 quoties
1191 832 1247 878 ac·
1297 825 1359 882 aut
1376 835 1494 902 regere
1512 813 1709 885 conciones.
1761 809 1832 881 Sed
1848 823 1963 880 tamen
1979 834 2118 880 necesse
2133 825 2288 882 estrom-

255 913 432 1004 repimus,
472 913 675 982 avidissime
711 911 807 1000 legit.
874 909 1033 982 Scribam
1064 911 1097 982 ei
1135 903 1248 1008 λόγον
1296 914 1399 982 muni
1423 909 1790 984 bominumsocietati
1808 935 1882 982 non
1898 913 2028 985 deesse.
2081 909 2204 1005 ltaque
2228 913 2289 982 etsi

255 1007 468 1110 ἐπιτάφιον,
495 1014 534 1082 in
559 1035 630 1109 quo
652 1011 782 1083 multos
806 1013 881 1082 eius
902 1013 1159 1083 eruditissimos
1174 1035 1249 1080 ser·
1298 1039 1363 1084 nec
1378 1006 1568 1084 Osiondri
1587 1005 1663 1084 nee¹
1676 1015 1829 1084 aliorum
1849 1005 2082 1106 consilium¹)
2098 1009 2289 1104 reprehen-

253 1137 377 1184 mones
391 1115 558 1186 recitabo.
590 1113 731 1185 Faciam
746 1112 797 1184 ibi
813 1127 848 1184 et
862 1126 942 1186 tuae
959 1115 1133 1186 amicitiae
1150 1135 1250 1183 men·
1298 1119 1363 1202 do,
1389 1115 1452 1210 qni
1468 1117 1605 1187 malunt
1618 1115 1846 1209 tranquillius
1860 1115 1997 1194 vivere,
2022 1127 2237 1186 tamencum
2255 1117 2288 1184 in

253 1218 399 1290 tionem.
614 1253 619 1276 =
1298 1219 1439 1309 templis
1463 1219 1586 1288 vestris
1615 1212 1785 1288 hactenus
1817 1209 1911 1286 niltil
1934 1227 2073 1306 praeter
2101 1208 2289 1313 ἀδιάφορα

357 1316 466 1387 Mitto
491 1317 557 1386 tibi
580 1317 732 1409 pagellas
755 1317 1004 1408 disputationis
1026 1329 1169 1388 nostrae
1192 1339 1250 1384 re-
1298 1322 1471 1413 quaedam
1499 1331 1633 1390 mutata
1662 1319 1752 1401 sint,
1801 1317 1920 1388 iudico
1947 1317 2005 1408 pie
2028 1341 2173 1388 manere
2193 1341 2287 1410 posse

254 1416 432 1508 centis²),
472 1431 507 1488 et
536 1418 805 1488 conciunculam
833 1419 1012 1490 recitatam
1046 1410 1250 1508 aGeorgio
1298 1421 1576 1494 concionatores.
1631 1417 1995 1512 Feramusquaedam
2019 1441 2146 1504 onera,
2180 1444 2289 1512 quan·

253 1517 409 1592 Maiore
426 1521 463 1588 in
487 1521 756 1590 renunciatione
770 1521 909 1608 grados.
960 1515 1091 1591 Adbuc
1105 1519 1248 1612 quidem
1298 1547 1403 1616 quam
1420 1523 1600 1604 insuavia,
1625 1522 1654 1590 si
1673 1535 1791 1592 tamen
1806 1545 1872 1591 vox
1889 1519 2071 1590 doctrinae
2087 1545 2288 1612 corrumpe-

254 1623 322 1696 Dei
344 1621 513 1692 beneficio
537 1623 652 1692 studia
669 1623 849 1692 doctrinae
873 1617 932 1692 hic
947 1621 1138 1691 mediocria
1155 1631 1249 1703 sunt,
1298 1639 1375 1705 tur,
1409 1647 1474 1693 nec
1497 1623 1712 1714 recipientur
1742 1621 2011 1715 depravationes
2041 1625 2106 1714 τῆς
2130 1625 2287 1716 λειτουρ-

254 1749 345 1816 qnae
365 1737 407 1792 ut
423 1721 535 1792 Filius
550 1721 617 1792 Dei
641 1735 801 1806 tueatur,
826 1737 901 1793 toto
921 1748 1001 1794 errm
1021 1735 1160 1814 pectore
1173 1744 1247 1792 oro.
1296 1719 1392 1824 plag,
1414 1727 1458 1794 de
1473 1724 1603 1818 quibus
1616 1724 1767 1816 optarim
1785 1747 1886 1815 posse
1904 1723 2025 1792 doctos
2043 1723 2099 1814 pie
2115 1724 2278 1815 colloqui.

255 1823 352 1913 Quid
386 1822 591 1895 Conventus
622 1823 735 1913 gentis
768 1821 953 1919 Mysorum
989 1825 1161 1894 allaturus
1191 1821 1249 1906 sit,
1399 1824 1949 1916 Nuncdepaedagogoliliorum
1967 1817 2141 1894 Geuderi.
2187 1823 2287 1896 Mitto

253 1927 449 1996 audiemus.
505 1916 679 2019 Cygneae
709 1925 822 1995 biduo
844 1927 1058 1995 audiverunt
1087 1920 1249 1995 homines
1298 1929 1342 1997 ad
1365 1951 1428 1997 vos
1451 1925 1663 2016 Magistrum
1685 1919 1895 1995 Iohannem
1912 1919 2138 1994 Mothonem
2162 1925 2287 1996 Docto·

251 2027 355 2118 digni
383 2027 451 2096 lide
482 2026 616 2097 foetum
643 2027 735 2096 clare
761 2027 972 2107 eiulantem,
1006 2049 1110 2119 quem
1136 2037 1249 2094 mater
1298 2029 1347 2099 ris
1363 2023 1549 2098 Moibani
1562 2027 1847 2100 Vratislaviensis
1863 2025 1995 2110 lilium,
2018 2027 2054 2094 in
2071 2051 2143 2120 quo
2157 2042 2286 2096 caetera

252 2129 398 2219 gravida
421 2107 538 2198 adhuc
568 2128 607 2196 in
627 2141 729 2198 utero
752 2142 876 2217 gestat:
914 2128 1115 2199 Denunciat
1140 2127 1249 2213 igitur
1299 2144 1383 2201 sunt
1396 2131 1514 2200 omnia
1536 2155 1625 2224 quae
1645 2130 1846 2222 postulatis,
1870 2141 2008 2219 praeter
2024 2141 2186 2202 aetatem.
2224 2129 2286 2198 La·

253 2243 420 2300 venturas
443 2227 674 2310 calamitates,
716 2253 802 2322 quas
821 2226 918 2300 Deus
945 2230 1094 2320 mitiget.
1152 2227 1249 2298 Bene
1298 2234 1371 2303 tine
1389 2247 1424 2302 et
1439 2230 1574 2300 Graece
1588 2232 1673 2300 etin
1690 2225 1920 2321 Philosophia
1940 2243 1974 2298 et
1995 2230 2157 2299 doctrina
2174 2227 2286 2298 Eccle-

253 2345 289 2402 et
305 2331 454 2402 feliciter
469 2330 557 2406 vale.
608 2335 644 2405 8.
663 2328 880 2405 Decembris.
1299 2335 1370 2406 siae
1386 2334 1564 2425 praeclare
1579 2333 1703 2404 doctus
1717 2347 1786 2417 est,
1812 2345 1846 2402 et
1860 2353 1976 2400 mores
1991 2345 2074 2400 sunt
2089 2332 2194 2413 casti,
2216 2355 2285 2421 gra-

772 2459 1198 2558 Ph³¹³tt¹¹³M⁰¹³¹¹¹h⁰t
1297 2435 1868 2628 atrectatustultit
1892 2427 2286 2616 'tultellae

1299 2663 1405 2732 qnam
1420 2650 1522 2707 aetas.
1575 2633 1771 2706 Potuissem
1784 2637 1924 2707 mittere
1938 2633 2048 2702 alium
2063 2635 2285 2724 grandiuscu·
2302 2659 2303 2696 ;

356 2763 616 2836 sequestrarant,
631 2762 714 2818 terea.
728 2763 1070 2836 praestantandum
1083 2761 1153 2818 nso
1298 2743 1393 2820 tum,
1418 2741 1479 2810 sed
1495 2732 1682 2808 Nicotaus
1709 2738 1813 2808 etiam
1835 2733 2113 2820 hortatorem,
2138 2731 2232 2806 hunc
2253 2751 2285 2804 n

1298 2843 1562 2913 anteferremns.
1622 2837 1748 2908 Vestro
1781 2852 1900 2909 tamen
1933 2835 2065 2906 iudicio
2089 2850 2125 2906 et
2148 2838 2283 2908 arbitrio

1298 2942 1535 3037 permittimus
1559 2957 1593 3012 et
1612 2941 1687 3030 ipse
1705 2953 1739 3010 ct
1755 2962 1839 3034 ego.
1863 2963 1909 3008 an
1928 2937 1961 3008 ci
1978 2941 2284 3010 commendandam

1298 3069 1371 3117 esse
1385 3041 1476 3115 hanc
1493 3041 1739 3132 paedagogiam
1760 3041 1939 3114 censeatis.

1400 3144 1454 3217 De
1474 3135 1649 3216 Cunrodi
1663 3136 1844 3228 Mouseri
1865 3137 2079 3214 haereditate
2102 3166 2231 3238 quaeso
2253 3153 2302 3208 ott

1299 3247 1489 3338 significari
1526 3247 1601 3316 eins
1632 3243 1713 3314 filiis
1744 3256 1778 3314 et
1799 3243 1987 3314 consilium
2009 3257 2110 3314 tuum
2138 3267 2234 3315 cures
2257 3253 2284 3308 et

1300 3363 1453 3444 quantae
1466 3349 1537 3418 sint
1558 3345 1739 3416 facultates
1754 3358 1789 3416 et
1804 3369 1874 3438 quo
1893 3345 2117 3416 collocandas
2134 3369 2206 3418 esse
2220 3343 2284 3414 eri·

1300 3451 1432 3524 stimes.
1484 3441 1670 3540 Orphanis
1693 3442 1779 3518 baec
1802 3447 1913 3538 pietas
1938 3461 2008 3518 ate
2023 3447 2178 3518 libenter
2192 3465 2282 3540 prae-

1300 3553 1463 3628 stabitur.
1511 3547 1609 3622 Bene
1624 3547 1711 3622 vale.
1765 3549 1800 3623 s.
1814 3541 2076 3642 Decembris²).
2300 3593 2301 3600 κ

1847 3644 2006 3742 Philipp.
2020 3641 2240 3721 Melanthon.
2300 3627 2301 3703 l

353 2887 485 2959 Petivit
515 2880 705 2958 Gruderus
746 2887 840 2958 mitti
881 2890 1119 2980 paedagogum
1155 2883 1248 2960 liliis.

252 2991 339 3062 Misi
364 2991 473 3078 igitur
501 2983 597 3059 hunc
619 2987 830 3078 Magistrum
854 2983 1064 3060 Iohannem
1086 2981 1249 3058 Moiba·

254 3087 403 3186 num’)‚
427 3089 529 3160 Doct.
543 3084 723 3160 Moiboni
738 3089 1022 3162 Vratislaviensis
1036 3089 1169 3175 lilium,
1184 3091 1249 3158 do·

254 3209 349 3265 ctum
379 3189 579 3276 bominem,
620 3204 655 3260 et
695 3190 837 3283 optimis
872 3193 1032 3262 moribus
1072 3205 1249 3265 ornatum.

254 3293 375 3383 Quare
391 3308 429 3365 tu
445 3316 587 3388 quoque
601 3316 681 3363 eum
705 3293 956 3386 complectere,
982 3307 1016 3366 et
1031 3317 1159 3364 ornare
1175 3305 1250 3364 stu-

253 3398 346 3468 deto.

269 3799 336 3876 No.
352 3799 468 3878 4416.
603 3801 616 3822 '¹
1103 3815 1136 3878 s.
1156 3805 1235 3879 Deo.
1311 3855 2281 3892 *Μ

262 3897 475 3937 sm»
1083 3899 1250 3930 w..

518 3999 575 4088 ΙΙ.
602 4001 1011 4122 Boumportaero.¹
1318 4035 1386 4111 No.
1401 4031 1516 4108 4417.
2141 4041 2172 4102 3.
2188 4027 2259 4092 oss.

324 4155 410 4230 Epist.
428 4156 475 4212 lto.
489 4157 536 4214 vt.
556 4175 584 4229 p.
606 4156 653 4214 151
674 4177 715 4231 eq.
733 4183 769 4202 ·-
803 4157 915 4216 Contuli
935 4159 1124 4234 autographon
1142 4160 1172 4218 io
1190 4161 1253 4220 coel.
1308 4133 1521 4172 m
2117 4111 2278 4151 Μ

357 4225 470 4310 'lm‘-
482 4227 502 4284 ¹·
519 4245 546 4300 Ρ·
562 4225 622 4282 ¹⁸²
915 4265 927 4278 ·
1551 4229 1774 4320 Andreae
1805 4225 2047 4317 Osiondro.

256 4368 419 4456 autiss·
447 4379 526 4452 ⁹37⁰
553 4417 599 4436 ““
626 4375 742 4450 Dom·
767 4377 1057 4478 Hillonymo
1078 4379 1254 4460 Baum-
1371 4391 1409 4446 Er
1426 4389 1595 4462 sotogmpbo
1615 4388 1644 4440 in
1662 4383 1810 4440 'fabularis
1830 4383 1915 4455 Regio
1937 4381 2157 4454 Regionrootano
2177 4375 2279 4434 editrlo

388 4491 633 4578 gunnam,
659 4479 837 4556 semron·
848 4477 1048 4581 Noriberg,
1063 4493 1123 4561 ιω.
1404 4446 2279 4538 teubreutttoleobertlottus-tubertate.totsptzpttttq·

256 4619 306 4711 S.
330 4631 378 4706 D.
427 4629 555 4707 Καλὸν
576 4631 645 4717 ἔξω
665 4625 900 4734 πραγμάτων
920 4629 1016 4727 ἔχειν
1039 4626 1162 4724 πόδα,
1195 4635 1254 4704 in.
1302 4611 1514 4689 Reverendo
1531 4613 1626 4696 viro,
1649 4605 1851 4684 eruditione
1873 4617 1904 4681 et
1929 4607 2058 4680 virtute
2076 4596 2278 4705 praestanti,

256 4737 333 4834 quit
350 4733 552 4828 Euripides.
603 4731 652 4808 Et
671 4731 738 4807 boc
760 4735 966 4830 praesertim
983 4749 1142 4830 tempore
1159 4737 1254 4808 mul·
1327 4717 1496 4791 D⁰ml¹t⁰
1521 4711 1735 4788 Andm‘
1760 4699 2027 4834 Quisnam,
2058 4709 2177 4781 ⁰le
2199 4724 2259 4776 ⁸⁰⁰

256 4853 312 4912 tae
327 4851 566 4921 suntcausae‚
582 4861 645 4906 cur
660 4839 850 4909 certamina
867 4839 1035 4930 fugienda
1051 4839 1133 4914 sint.
1170 4837 1254 4910 Non
1695 4837 1909 4896 tammo,
2297 4919 2298 4927 ἵ

258 4939 355 5012 enim
375 4953 516 5012 tanturn
539 4937 683 5010 saevitia
705 4941 981 5028 metuendaest,
1007 4943 1068 5013 sed
1084 4941 1154 5012 alia
1170 4951 1255 5012 suut
1304 4937 1353 5028 S,
1377 4947 1422 5023 D.
1471 4947 1555 5022 Non
1572 4947 1717 5030 dubito,
1744 4945 1832 5041 quin
1848 4966 1991 5036 gravem
2004 4935 2276 5046 causamhahnq

261 5095 463 5114 ---··
1209 5113 1214 5124 .
1304 5055 1355 5125 ris
1377 5051 1432 5126 tui
1455 5050 1597 5124 consilii
1619 5049 1659 5121 in
1673 5047 1873 5122 abdicando
1888 5033 2275 5118 munereconcionanda

292 5167 321 5229 Ι)
340 5167 473 5242 lsiuderi,
490 5166 518 5223 cl.
534 5166 561 5224 8.
576 5163 645 5224 Nor.
657 5165 772 5226 habitae.
805 5147 869 5226 Vld.
881 5166 962 5224 Eberi
975 5177 1077 5241 quaed.
1088 5169 1164 5228 arrd.
1176 5187 1203 5244 p.
1211 5169 1254 5228 85.

293 5253 322 5327 Β)
339 5251 377 5307 Er
391 5253 468 5334 epist.
480 5253 508 5307 d.
523 5251 646 5336 tulicbr.
661 5254 727 5308 1551
741 5251 919 5378 intelliqjtur,
932 5253 1098 5338 Meibaoprn
1110 5256 1166 5314 boc
1182 5267 1254 5313 tem·
1586 5306 1593 5324 ,

324 5331 504 5447 percussum
518 5321 625 5380 abusae.
660 5323 732 5380 llum
750 5321 992 5380 erltssaredruse
1006 5321 1162 5397 legimuriu
1176 5327 1253 5402 epist.
1339 5309 1365 5376 ι)
1384 5305 1626 5410 ⁵P⁸J¹b⁰⁰m¹⁷¹⁰t
1644 5303 1785 5406 m‘f'd?⁸‘·
2060 5383 2087 5420 0

343 5393 390 5447 .l.
404 5389 487 5445 Febr.
501 5389 575 5448 1654.
1336 5397 1366 5465 2)
1383 5393 1478 5452 Sutor
1493 5412 1590 5451 manus
1607 5393 1752 5466 adscrrpnt
1770 5387 1847 5446 asts.
