<?xml version="1.0" encoding="UTF-8"?>
<!DOCTYPE html PUBLIC "-//W3C//DTD XHTML 1.0 Transitional//EN"
    "http://www.w3.org/TR/xhtml1/DTD/xhtml1-transitional.dtd">
<html xmlns="http://www.w3.org/1999/xhtml" xml:lang="en" lang="en">
 <head>
  <title>
</title>
<meta http-equiv="Content-Type" content="text/html;charset=utf-8" />
  <meta name='ocr-system' content='tesseract 3.04.00' />
  <meta name='ocr-capabilities' content='ocr_page ocr_carea ocr_par ocr_line ocrx_word'/>
</head>
<body>
  <div class='ocr_page' id='page_1' title='image "./corpusreformato20melagoog/corpusreformato20melagoog_0417.png"; bbox 0 0 4658 5818; ppageno 0'>
   <div class='ocr_carea' id='block_1_1' title="bbox 144 3819 1261 3919">
    <p class='ocr_par' dir='ltr' id='par_1_1' title="bbox 144 3819 1261 3919">
     <span class='ocr_line' id='line_1_1' title="bbox 144 3819 1261 3919; baseline -0.017 -16"><span class='ocrx_word' id='word_1_1' title='bbox 144 3895 147 3903; x_wconf 31' lang='lat'><em>1</em></span> <span class='ocrx_word' id='word_1_2' title='bbox 272 3853 346 3902; x_wconf 87' lang='lat' dir='ltr'><strong>esse</strong></span> <span class='ocrx_word' id='word_1_3' title='bbox 361 3829 530 3919; x_wconf 89' lang='lat' dir='ltr'><strong>scripturn</strong></span> <span class='ocrx_word' id='word_1_4' title='bbox 548 3827 591 3894; x_wconf 87' lang='lat' dir='ltr'><strong>de</strong></span> <span class='ocrx_word' id='word_1_5' title='bbox 613 3821 797 3911; x_wconf 82' lang='lat' dir='ltr'><strong>coniugio,</strong></span> <span class='ocrx_word' id='word_1_6' title='bbox 823 3821 860 3888; x_wconf 90' lang='lat' dir='ltr'><strong>in</strong></span> <span class='ocrx_word' id='word_1_7' title='bbox 877 3843 947 3912; x_wconf 91' lang='lat' dir='ltr'><strong>quo</strong></span> <span class='ocrx_word' id='word_1_8' title='bbox 968 3819 1137 3910; x_wconf 82' lang='lat' dir='ltr'><strong>praefatio</strong></span> <span class='ocrx_word' id='word_1_9' title='bbox 1153 3821 1261 3886; x_wconf 89' lang='lat' dir='ltr'><strong>estad</strong></span> 
     </span>
    </p>
   </div>
   <div class='ocr_carea' id='block_1_2' title="bbox 247 269 2266 410">
    <p class='ocr_par' dir='ltr' id='par_1_2' title="bbox 247 269 2266 410">
     <span class='ocr_line' id='line_1_2' title="bbox 247 269 2266 410; baseline -0 -57"><span class='ocrx_word' id='word_1_10' title='bbox 247 279 322 354; x_wconf 94' lang='grc'><strong>787</strong></span> <span class='ocrx_word' id='word_1_11' title='bbox 658 353 661 360; x_wconf 18' lang='grc' dir='ltr'>λ</span> <span class='ocrx_word' id='word_1_12' title='bbox 822 269 1254 363; x_wconf 72' lang='lat' dir='ltr'><strong>urtsrotratttJM</strong></span> <span class='ocrx_word' id='word_1_13' title='bbox 1278 273 1527 364; x_wconf 78' lang='lat' dir='ltr'><strong>·Llil.;Xll.,</strong></span> <span class='ocrx_word' id='word_1_14' title='bbox 1550 279 1699 372; x_wconf 56' lang='lat' dir='ltr'><strong>5dess</strong></span> <span class='ocrx_word' id='word_1_15' title='bbox 2056 381 2071 410; x_wconf 45' lang='lat' dir='ltr'><em>l</em></span> <span class='ocrx_word' id='word_1_16' title='bbox 2205 281 2266 356; x_wconf 83' lang='grc'><strong>788</strong></span> 
     </span>
    </p>
   </div>
   <div class='ocr_carea' id='block_1_3' title="bbox 247 443 2267 2483">
    <p class='ocr_par' dir='ltr' id='par_1_3' title="bbox 247 443 2267 2483">
     <span class='ocr_line' id='line_1_3' title="bbox 250 443 2266 544; baseline -0 -24"><span class='ocrx_word' id='word_1_17' title='bbox 250 448 361 540; x_wconf 81' lang='lat' dir='ltr'><strong>magis</strong></span> <span class='ocrx_word' id='word_1_18' title='bbox 376 467 503 536; x_wconf 76' lang='lat' dir='ltr'><strong>angor,</strong></span> <span class='ocrx_word' id='word_1_19' title='bbox 529 458 648 518; x_wconf 85' lang='lat' dir='ltr'><strong>tamen</strong></span> <span class='ocrx_word' id='word_1_20' title='bbox 665 467 767 538; x_wconf 86' lang='lat' dir='ltr'><strong>saepe</strong></span> <span class='ocrx_word' id='word_1_21' title='bbox 788 445 892 518; x_wconf 87' lang='lat' dir='ltr'><strong>etiam</strong></span> <span class='ocrx_word' id='word_1_22' title='bbox 908 443 1134 518; x_wconf 86' lang='lat' dir='ltr'><strong>deEcclesiis</strong></span> <span class='ocrx_word' id='word_1_23' title='bbox 1156 445 1244 514; x_wconf 88' lang='lat' dir='ltr'><strong>alia·</strong></span> <span class='ocrx_word' id='word_1_24' title='bbox 1294 447 1368 518; x_wconf 88' lang='lat' dir='ltr'><strong>illis</strong></span> <span class='ocrx_word' id='word_1_25' title='bbox 1397 449 1617 540; x_wconf 78' lang='lat' dir='ltr'>temporibus</span> <span class='ocrx_word' id='word_1_26' title='bbox 1642 451 1703 544; x_wconf 92' lang='lat' dir='ltr'><strong>qui</strong></span> <span class='ocrx_word' id='word_1_27' title='bbox 1733 451 1923 522; x_wconf 83' lang='lat' dir='ltr'><strong>voluerunt</strong></span> <span class='ocrx_word' id='word_1_28' title='bbox 1953 452 2155 526; x_wconf 72' lang='lat' dir='ltr'><strong>ostendere,</strong></span> <span class='ocrx_word' id='word_1_29' title='bbox 2186 447 2266 520; x_wconf 86' lang='lat' dir='ltr'><strong>alind</strong></span> 
     </span>
     <span class='ocr_line' id='line_1_4' title="bbox 250 547 2266 642; baseline -0.003 -16"><span class='ocrx_word' id='word_1_30' title='bbox 250 575 331 626; x_wconf 87' lang='lat' dir='ltr'><strong>rum</strong></span> <span class='ocrx_word' id='word_1_31' title='bbox 346 548 531 620; x_wconf 89' lang='lat' dir='ltr'><strong>nationum</strong></span> <span class='ocrx_word' id='word_1_32' title='bbox 549 547 703 636; x_wconf 82' lang='lat' dir='ltr'><strong>cogitare</strong></span> <span class='ocrx_word' id='word_1_33' title='bbox 719 571 786 616; x_wconf 88' lang='lat' dir='ltr'><strong>nos</strong></span> <span class='ocrx_word' id='word_1_34' title='bbox 803 570 943 618; x_wconf 87' lang='lat' dir='ltr'><strong>neccsse</strong></span> <span class='ocrx_word' id='word_1_35' title='bbox 959 561 1023 622; x_wconf 90' lang='lat' dir='ltr'><strong>est.</strong></span> <span class='ocrx_word' id='word_1_36' title='bbox 1297 569 1374 617; x_wconf 86' lang='lat' dir='ltr'><strong>esse·</strong></span> <span class='ocrx_word' id='word_1_37' title='bbox 1385 549 1555 619; x_wconf 83' lang='lat' dir='ltr'><strong>iustitiam</strong></span> <span class='ocrx_word' id='word_1_38' title='bbox 1569 547 1773 642; x_wconf 78' lang='lat' dir='ltr'>Evangelii,</span> <span class='ocrx_word' id='word_1_39' title='bbox 1796 554 1895 622; x_wconf 90' lang='lat' dir='ltr'><strong>alind</strong></span> <span class='ocrx_word' id='word_1_40' title='bbox 1913 553 2081 622; x_wconf 88' lang='lat' dir='ltr'><strong>iustitiam</strong></span> <span class='ocrx_word' id='word_1_41' title='bbox 2098 551 2188 638; x_wconf 79' lang='lat' dir='ltr'><strong>legis.</strong></span> <span class='ocrx_word' id='word_1_42' title='bbox 2213 548 2266 620; x_wconf 67' lang='lat' dir='ltr'><strong>‘Et</strong></span> 
     </span>
     <span class='ocr_line' id='line_1_5' title="bbox 247 641 2267 744; baseline -0.001 -24"><span class='ocrx_word' id='word_1_43' title='bbox 247 719 251 730; x_wconf 86' lang='grc'>,</span> <span class='ocrx_word' id='word_1_44' title='bbox 351 649 439 720; x_wconf 91' lang='lat' dir='ltr'><strong>Heri</strong></span> <span class='ocrx_word' id='word_1_45' title='bbox 454 644 621 737; x_wconf 82' lang='lat' dir='ltr'><strong>Anglicas</strong></span> <span class='ocrx_word' id='word_1_46' title='bbox 639 648 759 720; x_wconf 88' lang='lat' dir='ltr'><strong>literas</strong></span> <span class='ocrx_word' id='word_1_47' title='bbox 772 662 808 718; x_wconf 90' lang='lat' dir='ltr'><strong>et</strong></span> <span class='ocrx_word' id='word_1_48' title='bbox 823 649 934 720; x_wconf 86' lang='lat' dir='ltr'><strong>libros</strong></span> <span class='ocrx_word' id='word_1_49' title='bbox 948 648 1077 739; x_wconf 89' lang='lat' dir='ltr'><strong>accepi.</strong></span> <span class='ocrx_word' id='word_1_50' title='bbox 1125 641 1245 716; x_wconf 80' lang='lat' dir='ltr'><strong>Bace-</strong></span> <span class='ocrx_word' id='word_1_51' title='bbox 1297 672 1420 718; x_wconf 84' lang='lat' dir='ltr'><strong>verum</strong></span> <span class='ocrx_word' id='word_1_52' title='bbox 1438 664 1506 736; x_wconf 90' lang='lat' dir='ltr'><strong>est,</strong></span> <span class='ocrx_word' id='word_1_53' title='bbox 1531 651 1720 737; x_wconf 81' lang='lat' dir='ltr'><strong>iustitiam,</strong></span> <span class='ocrx_word' id='word_1_54' title='bbox 1746 649 2267 744; x_wconf 73' lang='lat' dir='ltr'><strong>de·quaconcionaturEvange</strong></span> 
     </span>
     <span class='ocr_line' id='line_1_6' title="bbox 253 749 2267 845; baseline -0.002 -21"><span class='ocrx_word' id='word_1_55' title='bbox 253 777 316 824; x_wconf 84' lang='lat' dir='ltr'><strong>rus</strong></span> <span class='ocrx_word' id='word_1_56' title='bbox 340 753 455 822; x_wconf 89' lang='lat' dir='ltr'><strong>aliena</strong></span> <span class='ocrx_word' id='word_1_57' title='bbox 477 774 587 818; x_wconf 91' lang='lat' dir='ltr'><strong>manu</strong></span> <span class='ocrx_word' id='word_1_58' title='bbox 610 749 735 820; x_wconf 80' lang='lat' dir='ltr'><strong>scribit</strong></span> <span class='ocrx_word' id='word_1_59' title='bbox 758 764 903 841; x_wconf 88' lang='lat' dir='ltr'><strong>propter</strong></span> <span class='ocrx_word' id='word_1_60' title='bbox 921 750 1160 822; x_wconf 88' lang='lat' dir='ltr'><strong>valetudinem</strong></span> <span class='ocrx_word' id='word_1_61' title='bbox 1182 749 1246 816; x_wconf 90' lang='lat' dir='ltr'><strong>ad·</strong></span> <span class='ocrx_word' id='word_1_62' title='bbox 1298 753 1404 834; x_wconf 92' lang='lat' dir='ltr'><strong>lium,</strong></span> <span class='ocrx_word' id='word_1_63' title='bbox 1427 773 1498 819; x_wconf 86' lang='lat' dir='ltr'><strong>esse</strong></span> <span class='ocrx_word' id='word_1_64' title='bbox 1513 749 1715 826; x_wconf 79' lang='grc' dir='ltr'><strong><em>κοινωνίαν</em></strong></span> <span class='ocrx_word' id='word_1_65' title='bbox 1729 753 1833 829; x_wconf 80' lang='grc' dir='ltr'><strong><em>θεοῦ.</em></strong></span> <span class='ocrx_word' id='word_1_66' title='bbox 1874 753 1995 823; x_wconf 79' lang='lat' dir='ltr'><strong>Postea</strong></span> <span class='ocrx_word' id='word_1_67' title='bbox 2014 767 2129 822; x_wconf 88' lang='lat' dir='ltr'><strong>assuta</strong></span> <span class='ocrx_word' id='word_1_68' title='bbox 2144 765 2190 820; x_wconf 90' lang='lat' dir='ltr'><strong>est</strong></span> <span class='ocrx_word' id='word_1_69' title='bbox 2203 776 2267 845; x_wconf 89' lang='lat' dir='ltr'><strong>par·</strong></span> 
     </span>
     <span class='ocr_line' id='line_1_7' title="bbox 250 843 2267 947; baseline -0.004 -20"><span class='ocrx_word' id='word_1_70' title='bbox 250 877 386 928; x_wconf 86' lang='lat' dir='ltr'><strong>versam</strong></span> <span class='ocrx_word' id='word_1_71' title='bbox 401 847 439 946; x_wconf 87' lang='lat'><strong>¹).</strong></span> <span class='ocrx_word' id='word_1_72' title='bbox 490 843 656 944; x_wconf 80' lang='lat' dir='ltr'><strong>Fagium</strong></span> <span class='ocrx_word' id='word_1_73' title='bbox 673 852 786 920; x_wconf 89' lang='lat' dir='ltr'><strong>multu</strong></span> <span class='ocrx_word' id='word_1_74' title='bbox 809 851 1044 922; x_wconf 77' lang='lat' dir='ltr'><strong>robustiorem</strong></span> <span class='ocrx_word' id='word_1_75' title='bbox 1064 850 1246 938; x_wconf 82' lang='lat' dir='ltr'><strong>collegam,</strong></span> <span class='ocrx_word' id='word_1_76' title='bbox 1299 853 1405 923; x_wconf 89' lang='lat' dir='ltr'><strong>ticnla</strong></span> <span class='ocrx_word' id='word_1_77' title='bbox 1425 849 1578 945; x_wconf 76' lang='grc' dir='ltr'><strong>νομικὴ,</strong></span> <span class='ocrx_word' id='word_1_78' title='bbox 1604 851 1697 946; x_wconf 82' lang='grc' dir='ltr'><strong>μετὰ</strong></span> <span class='ocrx_word' id='word_1_79' title='bbox 1720 847 1898 947; x_wconf 71' lang='grc' dir='ltr'><strong><em>ἰσότητος.</em></strong></span> <span class='ocrx_word' id='word_1_80' title='bbox 1950 853 2032 926; x_wconf 90' lang='lat' dir='ltr'><strong>Scio</strong></span> <span class='ocrx_word' id='word_1_81' title='bbox 2053 877 2119 922; x_wconf 92' lang='lat' dir='ltr'><strong>nos</strong></span> <span class='ocrx_word' id='word_1_82' title='bbox 2142 851 2267 922; x_wconf 90' lang='lat' dir='ltr'><strong>coniun-</strong></span> 
     </span>
     <span class='ocr_line' id='line_1_8' title="bbox 247 949 2267 1048; baseline -0.003 -22"><span class='ocrx_word' id='word_1_83' title='bbox 247 951 416 1048; x_wconf 75' lang='lat' dir='ltr'><strong>Bactrus</strong></span> <span class='ocrx_word' id='word_1_84' title='bbox 444 953 636 1024; x_wconf 83' lang='lat' dir='ltr'><strong>extinctum</strong></span> <span class='ocrx_word' id='word_1_85' title='bbox 666 975 739 1022; x_wconf 87' lang='lat' dir='ltr'><strong>esse</strong></span> <span class='ocrx_word' id='word_1_86' title='bbox 762 953 935 1046; x_wconf 88' lang='lat' dir='ltr'><strong>queritur.</strong></span> <span class='ocrx_word' id='word_1_87' title='bbox 992 949 1121 1022; x_wconf 88' lang='lat' dir='ltr'><strong>Narrat</strong></span> <span class='ocrx_word' id='word_1_88' title='bbox 1144 950 1245 1018; x_wconf 89' lang='lat' dir='ltr'><strong>initia</strong></span> <span class='ocrx_word' id='word_1_89' title='bbox 1298 967 1371 1022; x_wconf 90' lang='lat' dir='ltr'><strong>ctos</strong></span> <span class='ocrx_word' id='word_1_90' title='bbox 1386 977 1458 1021; x_wconf 86' lang='lat' dir='ltr'><strong>esse</strong></span> <span class='ocrx_word' id='word_1_91' title='bbox 1472 957 1518 1046; x_wconf 72' lang='grc' dir='ltr'><strong>τῇ</strong></span> <span class='ocrx_word' id='word_1_92' title='bbox 1533 952 1710 1048; x_wconf 76' lang='grc' dir='ltr'><strong>κοινωνίᾳ</strong></span> <span class='ocrx_word' id='word_1_93' title='bbox 1731 955 1837 1029; x_wconf 80' lang='grc' dir='ltr'><strong><em>θεοῦ.</em></strong></span> <span class='ocrx_word' id='word_1_94' title='bbox 1891 954 1983 1024; x_wconf 91' lang='lat' dir='ltr'><strong>Volo</strong></span> <span class='ocrx_word' id='word_1_95' title='bbox 2000 955 2105 1023; x_wconf 90' lang='lat' dir='ltr'><strong>etiam</strong></span> <span class='ocrx_word' id='word_1_96' title='bbox 2125 968 2267 1044; x_wconf 84' lang='lat' dir='ltr'><strong>perpetua</strong></span> 
     </span>
     <span class='ocr_line' id='line_1_9' title="bbox 250 1038 2267 1148; baseline -0.004 -18"><span class='ocrx_word' id='word_1_97' title='bbox 250 1054 510 1148; x_wconf 81' lang='lat' dir='ltr'><strong>emendationis</strong></span> <span class='ocrx_word' id='word_1_98' title='bbox 526 1049 765 1124; x_wconf 87' lang='lat' dir='ltr'><strong>Ecclesiarum</strong></span> <span class='ocrx_word' id='word_1_99' title='bbox 783 1055 888 1146; x_wconf 86' lang='lat' dir='ltr'><strong>plena</strong></span> <span class='ocrx_word' id='word_1_100' title='bbox 909 1075 982 1122; x_wconf 88' lang='lat' dir='ltr'><strong>esse</strong></span> <span class='ocrx_word' id='word_1_101' title='bbox 1003 1051 1246 1122; x_wconf 83' lang='lat' dir='ltr'><strong>certaminum.</strong></span> <span class='ocrx_word' id='word_1_102' title='bbox 1300 1079 1364 1122; x_wconf 90' lang='lat' dir='ltr'><strong>nos</strong></span> <span class='ocrx_word' id='word_1_103' title='bbox 1380 1053 1644 1126; x_wconf 82' lang='lat' dir='ltr'><strong>benevolentiae</strong></span> <span class='ocrx_word' id='word_1_104' title='bbox 1659 1057 1868 1148; x_wconf 77' lang='lat' dir='ltr'><strong>aequalitate</strong></span> <span class='ocrx_word' id='word_1_105' title='bbox 1881 1038 2065 1148; x_wconf 60' lang='lat' dir='ltr'><strong>{opulatns</strong></span> <span class='ocrx_word' id='word_1_106' title='bbox 2078 1051 2159 1131; x_wconf 73' lang='lat' dir='ltr'><strong>eise,</strong></span> <span class='ocrx_word' id='word_1_107' title='bbox 2191 1053 2267 1122; x_wconf 88' lang='lat' dir='ltr'><strong>lden</strong></span> 
     </span>
     <span class='ocr_line' id='line_1_10' title="bbox 249 1141 2267 1236; baseline -0.001 -6"><span class='ocrx_word' id='word_1_108' title='bbox 249 1159 324 1236; x_wconf 77' lang='lat' dir='ltr'><strong>Sed</strong></span> <span class='ocrx_word' id='word_1_109' title='bbox 349 1153 434 1228; x_wconf 90' lang='lat' dir='ltr'><strong>haec</strong></span> <span class='ocrx_word' id='word_1_110' title='bbox 454 1155 611 1226; x_wconf 72' lang='lat' dir='ltr'><strong>fortassis</strong></span> <span class='ocrx_word' id='word_1_111' title='bbox 635 1154 735 1224; x_wconf 89' lang='lat' dir='ltr'><strong>vobis</strong></span> <span class='ocrx_word' id='word_1_112' title='bbox 751 1157 890 1226; x_wconf 91' lang='lat' dir='ltr'><strong>notiora</strong></span> <span class='ocrx_word' id='word_1_113' title='bbox 908 1167 1002 1224; x_wconf 86' lang='lat' dir='ltr'><strong>suut.</strong></span> <span class='ocrx_word' id='word_1_114' title='bbox 1052 1151 1157 1222; x_wconf 85' lang='lat' dir='ltr'><strong>Nunc</strong></span> <span class='ocrx_word' id='word_1_115' title='bbox 1179 1152 1246 1220; x_wconf 91' lang='lat' dir='ltr'><strong>tibi</strong></span> <span class='ocrx_word' id='word_1_116' title='bbox 1300 1156 1372 1224; x_wconf 90' lang='lat' dir='ltr'><strong>scio</strong></span> <span class='ocrx_word' id='word_1_117' title='bbox 1389 1171 1422 1225; x_wconf 86' lang='lat' dir='ltr'><strong>te</strong></span> <span class='ocrx_word' id='word_1_118' title='bbox 1437 1158 1554 1224; x_wconf 80' lang='lat' dir='ltr'><strong>uirum</strong></span> <span class='ocrx_word' id='word_1_119' title='bbox 1568 1158 1744 1226; x_wconf 89' lang='lat' dir='ltr'><strong>colentem</strong></span> <span class='ocrx_word' id='word_1_120' title='bbox 1759 1159 1930 1229; x_wconf 87' lang='lat' dir='ltr'><strong>iustitiam</strong></span> <span class='ocrx_word' id='word_1_121' title='bbox 1945 1141 2046 1230; x_wconf 79' lang='lat' dir='ltr'><strong>aelle.</strong></span> <span class='ocrx_word' id='word_1_122' title='bbox 2082 1154 2267 1226; x_wconf 86' lang='lat' dir='ltr'><strong>BeneVale.</strong></span> 
     </span>
     <span class='ocr_line' id='line_1_11' title="bbox 250 1249 2052 1356; baseline -0.001 -24"><span class='ocrx_word' id='word_1_123' title='bbox 250 1260 465 1356; x_wconf 69' lang='lat' dir='ltr'><strong>⁸commendo</strong></span> <span class='ocrx_word' id='word_1_124' title='bbox 492 1251 695 1328; x_wconf 83' lang='lat' dir='ltr'><strong>Nicolaum</strong></span> <span class='ocrx_word' id='word_1_125' title='bbox 724 1249 913 1326; x_wconf 88' lang='lat' dir='ltr'><strong>honesturn</strong></span> <span class='ocrx_word' id='word_1_126' title='bbox 945 1257 1061 1324; x_wconf 91' lang='lat' dir='ltr'><strong>virum</strong></span> <span class='ocrx_word' id='word_1_127' title='bbox 1092 1268 1126 1324; x_wconf 90' lang='lat' dir='ltr'><strong>et</strong></span> <span class='ocrx_word' id='word_1_128' title='bbox 1156 1256 1247 1322; x_wconf 91' lang='lat' dir='ltr'><strong>bene</strong></span> <span class='ocrx_word' id='word_1_129' title='bbox 1299 1256 1344 1326; x_wconf 90' lang='lat' dir='ltr'><strong>ln</strong></span> <span class='ocrx_word' id='word_1_130' title='bbox 1363 1255 1471 1326; x_wconf 83' lang='lat' dir='ltr'><strong>Dassa</strong></span> <span class='ocrx_word' id='word_1_131' title='bbox 1495 1255 1537 1326; x_wconf 88' lang='lat' dir='ltr'><strong>V.</strong></span> <span class='ocrx_word' id='word_1_132' title='bbox 1557 1255 1755 1330; x_wconf 84' lang='lat' dir='ltr'><strong>ldusMaii.</strong></span> <span class='ocrx_word' id='word_1_133' title='bbox 1831 1263 1835 1271; x_wconf 88' lang='lat'>&#39;</span> <span class='ocrx_word' id='word_1_134' title='bbox 2047 1265 2052 1273; x_wconf 91' lang='grc'><strong>’</strong></span> 
     </span>
     <span class='ocr_line' id='line_1_12' title="bbox 250 1343 2223 1462; baseline -0.006 -30"><span class='ocrx_word' id='word_1_135' title='bbox 250 1361 447 1452; x_wconf 81' lang='lat' dir='ltr'><strong>eruditum.</strong></span> <span class='ocrx_word' id='word_1_136' title='bbox 498 1352 798 1428; x_wconf 84' lang='lat' dir='ltr'><strong>OffertEcclesiis</strong></span> <span class='ocrx_word' id='word_1_137' title='bbox 823 1357 947 1426; x_wconf 88' lang='lat' dir='ltr'><strong>vestris</strong></span> <span class='ocrx_word' id='word_1_138' title='bbox 969 1379 1067 1426; x_wconf 87' lang='lat' dir='ltr'><strong>suam</strong></span> <span class='ocrx_word' id='word_1_139' title='bbox 1091 1379 1247 1445; x_wconf 88' lang='lat' dir='ltr'><strong>operam,</strong></span> <span class='ocrx_word' id='word_1_140' title='bbox 1778 1343 1782 1352; x_wconf 70' lang='grc'>’</span> <span class='ocrx_word' id='word_1_141' title='bbox 1839 1385 1935 1462; x_wconf 57' lang='lat' dir='ltr'><strong>Phili</strong></span> <span class='ocrx_word' id='word_1_142' title='bbox 2024 1385 2223 1460; x_wconf 59' lang='lat' dir='ltr'><strong>Meldmhon</strong></span> 
     </span>
     <span class='ocr_line' id='line_1_13' title="bbox 256 1415 2233 1558; baseline -0.006 -24"><span class='ocrx_word' id='word_1_143' title='bbox 256 1463 355 1558; x_wconf 89' lang='lat' dir='ltr'><strong>quod</strong></span> <span class='ocrx_word' id='word_1_144' title='bbox 370 1460 459 1532; x_wconf 85' lang='lat' dir='ltr'><strong>scire</strong></span> <span class='ocrx_word' id='word_1_145' title='bbox 475 1481 536 1528; x_wconf 87' lang='lat' dir='ltr'><strong>vos</strong></span> <span class='ocrx_word' id='word_1_146' title='bbox 552 1459 639 1530; x_wconf 91' lang='lat' dir='ltr'><strong>utile</strong></span> <span class='ocrx_word' id='word_1_147' title='bbox 653 1472 715 1536; x_wconf 80' lang='lat' dir='ltr'><strong>est.</strong></span> <span class='ocrx_word' id='word_1_148' title='bbox 735 1473 773 1528; x_wconf 93' lang='lat' dir='ltr'><strong>ut</strong></span> <span class='ocrx_word' id='word_1_149' title='bbox 789 1475 921 1530; x_wconf 88' lang='lat' dir='ltr'><strong>vestros</strong></span> <span class='ocrx_word' id='word_1_150' title='bbox 938 1458 1054 1548; x_wconf 89' lang='lat' dir='ltr'><strong>potins</strong></span> <span class='ocrx_word' id='word_1_151' title='bbox 1070 1452 1247 1548; x_wconf 83' lang='lat' dir='ltr'><strong>proveba·</strong></span> <span class='ocrx_word' id='word_1_152' title='bbox 1921 1415 1996 1493; x_wconf 66' lang='lat' dir='ltr'><strong>·Pp&#39;</strong></span> <span class='ocrx_word' id='word_1_153' title='bbox 2226 1439 2233 1459; x_wconf 67' lang='lat'><em>⁶</em></span> 
     </span>
     <span class='ocr_line' id='line_1_14' title="bbox 257 1556 1248 1654; baseline -0.012 -18"><span class='ocrx_word' id='word_1_154' title='bbox 257 1566 304 1636; x_wconf 85' lang='lat' dir='ltr'><strong>tis</strong></span> <span class='ocrx_word' id='word_1_155' title='bbox 326 1578 361 1634; x_wconf 88' lang='lat' dir='ltr'><strong>ct</strong></span> <span class='ocrx_word' id='word_1_156' title='bbox 376 1561 522 1644; x_wconf 87' lang='lat' dir='ltr'><strong>iuvetis,</strong></span> <span class='ocrx_word' id='word_1_157' title='bbox 547 1585 654 1654; x_wconf 90' lang='lat' dir='ltr'><strong>quam</strong></span> <span class='ocrx_word' id='word_1_158' title='bbox 670 1560 815 1634; x_wconf 85' lang='lat' dir='ltr'><strong>alienus.</strong></span> <span class='ocrx_word' id='word_1_159' title='bbox 864 1556 914 1630; x_wconf 85' lang='lat' dir='ltr'><strong>Et</strong></span> <span class='ocrx_word' id='word_1_160' title='bbox 936 1559 1047 1648; x_wconf 83' lang='lat' dir='ltr'><strong>magis</strong></span> <span class='ocrx_word' id='word_1_161' title='bbox 1067 1559 1248 1648; x_wconf 87' lang='lat' dir='ltr'><strong>obtempe-</strong></span> 
     </span>
     <span class='ocr_line' id='line_1_15' title="bbox 257 1659 1251 1754; baseline -0.012 -14"><span class='ocrx_word' id='word_1_162' title='bbox 257 1679 339 1740; x_wconf 86' lang='lat' dir='ltr'><strong>rant</strong></span> <span class='ocrx_word' id='word_1_163' title='bbox 353 1663 476 1734; x_wconf 87' lang='lat' dir='ltr'><strong>vestris</strong></span> <span class='ocrx_word' id='word_1_164' title='bbox 492 1661 654 1744; x_wconf 91' lang='lat' dir='ltr'><strong>monitis,</strong></span> <span class='ocrx_word' id='word_1_165' title='bbox 679 1663 739 1754; x_wconf 88' lang='lat' dir='ltr'><strong>qni</strong></span> <span class='ocrx_word' id='word_1_166' title='bbox 761 1676 795 1732; x_wconf 90' lang='lat' dir='ltr'><strong>et</strong></span> <span class='ocrx_word' id='word_1_167' title='bbox 814 1674 939 1730; x_wconf 91' lang='lat' dir='ltr'><strong>natura</strong></span> <span class='ocrx_word' id='word_1_168' title='bbox 956 1659 1106 1751; x_wconf 90' lang='lat' dir='ltr'><strong>patriam</strong></span> <span class='ocrx_word' id='word_1_169' title='bbox 1130 1672 1251 1728; x_wconf 89' lang='lat' dir='ltr'><strong>amant</strong></span> 
     </span>
     <span class='ocr_line' id='line_1_16' title="bbox 254 1759 1249 1853; baseline -0.012 -15"><span class='ocrx_word' id='word_1_170' title='bbox 254 1783 292 1844; x_wconf 80' lang='lat' dir='ltr'><strong>,et</strong></span> <span class='ocrx_word' id='word_1_171' title='bbox 308 1764 475 1836; x_wconf 87' lang='lat' dir='ltr'><strong>beneficia</strong></span> <span class='ocrx_word' id='word_1_172' title='bbox 490 1761 708 1832; x_wconf 75' lang='lat' dir='ltr'><strong>educationis</strong></span> <span class='ocrx_word' id='word_1_173' title='bbox 724 1777 759 1834; x_wconf 90' lang='lat' dir='ltr'><strong>et</strong></span> <span class='ocrx_word' id='word_1_174' title='bbox 774 1762 1018 1844; x_wconf 86' lang='lat' dir='ltr'><strong>institutionis,</strong></span> <span class='ocrx_word' id='word_1_175' title='bbox 1033 1785 1122 1853; x_wconf 87' lang='lat' dir='ltr'><strong>quac</strong></span> <span class='ocrx_word' id='word_1_176' title='bbox 1138 1785 1158 1828; x_wconf 88' lang='lat' dir='ltr'><strong>a</strong></span> <span class='ocrx_word' id='word_1_177' title='bbox 1176 1759 1249 1847; x_wconf 90' lang='lat' dir='ltr'><strong>pri-</strong></span> 
     </span>
     <span class='ocr_line' id='line_1_17' title="bbox 258 1857 1251 1955; baseline -0.012 -17"><span class='ocrx_word' id='word_1_178' title='bbox 258 1893 315 1938; x_wconf 89' lang='lat' dir='ltr'><strong>ma</strong></span> <span class='ocrx_word' id='word_1_179' title='bbox 330 1866 481 1936; x_wconf 84' lang='lat' dir='ltr'><strong>infantia</strong></span> <span class='ocrx_word' id='word_1_180' title='bbox 497 1888 516 1932; x_wconf 93' lang='lat' dir='ltr'><strong>a</strong></span> <span class='ocrx_word' id='word_1_181' title='bbox 533 1864 634 1932; x_wconf 87' lang='lat' dir='ltr'><strong>vobis</strong></span> <span class='ocrx_word' id='word_1_182' title='bbox 648 1878 866 1955; x_wconf 89' lang='lat' dir='ltr'><strong>acceperunt,</strong></span> <span class='ocrx_word' id='word_1_183' title='bbox 893 1863 1141 1932; x_wconf 84' lang='lat' dir='ltr'><strong>meminerunt.</strong></span> <span class='ocrx_word' id='word_1_184' title='bbox 1173 1857 1251 1928; x_wconf 85' lang='lat' dir='ltr'><strong>Etsi</strong></span> 
     </span>
     <span class='ocr_line' id='line_1_18' title="bbox 257 1957 1991 2062; baseline -0.007 -24"><span class='ocrx_word' id='word_1_185' title='bbox 257 1969 356 2062; x_wconf 79' lang='lat' dir='ltr'><strong>enim</strong></span> <span class='ocrx_word' id='word_1_186' title='bbox 376 1968 467 2038; x_wconf 92' lang='lat' dir='ltr'><strong>illud</strong></span> <span class='ocrx_word' id='word_1_187' title='bbox 489 1959 716 2034; x_wconf 79' lang='lat' dir='ltr'><strong>Pindaricum</strong></span> <span class='ocrx_word' id='word_1_188' title='bbox 740 1965 844 2034; x_wconf 89' lang='lat' dir='ltr'><strong>etiam</strong></span> <span class='ocrx_word' id='word_1_189' title='bbox 869 1987 992 2032; x_wconf 87' lang='lat' dir='ltr'><strong>verum</strong></span> <span class='ocrx_word' id='word_1_190' title='bbox 1012 1976 1082 2048; x_wconf 91' lang='lat' dir='ltr'><strong>est,</strong></span> <span class='ocrx_word' id='word_1_191' title='bbox 1111 1957 1251 2032; x_wconf 76' lang='grc' dir='ltr'><strong><em>παλαιὰ</em></strong></span> <span class='ocrx_word' id='word_1_192' title='bbox 1982 2027 1991 2046; x_wconf 65' lang='grc'><em>,</em></span> 
     </span>
     <span class='ocr_line' id='line_1_19' title="bbox 260 2021 2030 2170; baseline -0.006 -30"><span class='ocrx_word' id='word_1_193' title='bbox 260 2067 336 2170; x_wconf 75' lang='lat' dir='ltr'><strong>peip</strong></span> <span class='ocrx_word' id='word_1_194' title='bbox 367 2063 464 2142; x_wconf 79' lang='grc' dir='ltr'>εὕδει</span> <span class='ocrx_word' id='word_1_195' title='bbox 485 2058 610 2160; x_wconf 77' lang='grc' dir='ltr'><strong>χάρις,</strong></span> <span class='ocrx_word' id='word_1_196' title='bbox 645 2058 856 2160; x_wconf 76' lang='grc' dir='ltr'><em>ἀμνήμονες</em></span> <span class='ocrx_word' id='word_1_197' title='bbox 882 2059 924 2138; x_wconf 77' lang='grc' dir='ltr'><strong>δὲ</strong></span> <span class='ocrx_word' id='word_1_198' title='bbox 951 2057 1099 2160; x_wconf 77' lang='lat' dir='ltr'><strong>liparoe&#39;:</strong></span> <span class='ocrx_word' id='word_1_199' title='bbox 1134 2076 1251 2134; x_wconf 76' lang='lat' dir='ltr'><strong>tamon</strong></span> <span class='ocrx_word' id='word_1_200' title='bbox 1531 2080 1535 2086; x_wconf 88' lang='lat'>·</span> <span class='ocrx_word' id='word_1_201' title='bbox 1570 2021 1621 2106; x_wconf 65' lang='grc' dir='ltr'><strong>θ·</strong></span> <span class='ocrx_word' id='word_1_202' title='bbox 1653 2021 2030 2110; x_wconf 59' lang='lat' dir='ltr'><strong>Cilmmssmadw·</strong></span> 
     </span>
     <span class='ocr_line' id='line_1_20' title="bbox 260 2159 2143 2290; baseline -0.007 -49"><span class='ocrx_word' id='word_1_203' title='bbox 260 2171 373 2266; x_wconf 89' lang='lat' dir='ltr'><strong>aliqui</strong></span> <span class='ocrx_word' id='word_1_204' title='bbox 386 2193 460 2238; x_wconf 92' lang='lat' dir='ltr'><strong>non</strong></span> <span class='ocrx_word' id='word_1_205' title='bbox 476 2189 620 2259; x_wconf 90' lang='lat' dir='ltr'><strong>prorsus</strong></span> <span class='ocrx_word' id='word_1_206' title='bbox 635 2169 703 2236; x_wconf 89' lang='lat' dir='ltr'><strong>feri</strong></span> <span class='ocrx_word' id='word_1_207' title='bbox 723 2179 817 2242; x_wconf 90' lang='lat' dir='ltr'><strong>sunt.</strong></span> <span class='ocrx_word' id='word_1_208' title='bbox 866 2165 1049 2258; x_wconf 85' lang='lat' dir='ltr'><strong>Speroque</strong></span> <span class='ocrx_word' id='word_1_209' title='bbox 1066 2159 1162 2234; x_wconf 88' lang='lat' dir='ltr'><strong>hunc</strong></span> <span class='ocrx_word' id='word_1_210' title='bbox 1178 2159 1253 2234; x_wconf 86' lang='lat' dir='ltr'><strong>Ni·</strong></span> <span class='ocrx_word' id='word_1_211' title='bbox 1375 2217 1449 2290; x_wconf 72' lang='lat' dir='ltr'><strong>Epa</strong></span> <span class='ocrx_word' id='word_1_212' title='bbox 1481 2215 1565 2270; x_wconf 61' lang='grc' dir='ltr'><strong>ΗΜ,</strong></span> <span class='ocrx_word' id='word_1_213' title='bbox 1595 2213 1687 2286; x_wconf 53' lang='lat'><strong>9355</strong></span> <span class='ocrx_word' id='word_1_214' title='bbox 1714 2217 1759 2285; x_wconf 78' lang='lat' dir='ltr'><strong>(et</strong></span> <span class='ocrx_word' id='word_1_215' title='bbox 1784 2217 1873 2273; x_wconf 65' lang='lat' dir='ltr'><strong>bnt.</strong></span> <span class='ocrx_word' id='word_1_216' title='bbox 1892 2217 1930 2272; x_wconf 58' lang='lat' dir='ltr'><strong>ub</strong></span> <span class='ocrx_word' id='word_1_217' title='bbox 1954 2217 1980 2270; x_wconf 66' lang='lat' dir='ltr'>H</span> <span class='ocrx_word' id='word_1_218' title='bbox 2067 2219 2143 2288; x_wconf 78' lang='lat' dir='ltr'><strong>sut)</strong></span> 
     </span>
     <span class='ocr_line' id='line_1_21' title="bbox 262 2237 2151 2362; baseline -0.007 -19"><span class='ocrx_word' id='word_1_219' title='bbox 262 2269 842 2362; x_wconf 75' lang='lat' dir='ltr'><strong>ealaumpatriaegratumlore‚</strong></span> <span class='ocrx_word' id='word_1_220' title='bbox 868 2267 998 2338; x_wconf 83' lang='lat' dir='ltr'><strong>etacio</strong></span> <span class='ocrx_word' id='word_1_221' title='bbox 1024 2266 1253 2338; x_wconf 92' lang='lat' dir='ltr'><strong>eumdoctri-</strong></span> <span class='ocrx_word' id='word_1_222' title='bbox 1452 2255 1460 2272; x_wconf 86' lang='lat'>&#39;</span> <span class='ocrx_word' id='word_1_223' title='bbox 1568 2253 1621 2272; x_wconf 72' lang='lat'><strong>&#39;‘</strong></span> <span class='ocrx_word' id='word_1_224' title='bbox 1688 2255 1696 2272; x_wconf 84' lang='lat'>&#39;</span> <span class='ocrx_word' id='word_1_225' title='bbox 1761 2253 1769 2272; x_wconf 72' lang='lat'><em>⁶</em></span> <span class='ocrx_word' id='word_1_226' title='bbox 1931 2253 1939 2272; x_wconf 86' lang='lat'>&#39;</span> <span class='ocrx_word' id='word_1_227' title='bbox 1982 2237 2055 2289; x_wconf 55' lang='grc' dir='ltr'><strong>’ψ’</strong></span> <span class='ocrx_word' id='word_1_228' title='bbox 2122 2255 2151 2274; x_wconf 84' lang='lat'><strong>&#39;&#39;</strong></span> 
     </span>
     <span class='ocr_line' id='line_1_22' title="bbox 262 2365 2127 2483; baseline -0.005 -37"><span class='ocrx_word' id='word_1_229' title='bbox 262 2399 341 2459; x_wconf 85' lang='lat' dir='ltr'><strong>nae,</strong></span> <span class='ocrx_word' id='word_1_230' title='bbox 368 2370 508 2442; x_wconf 90' lang='lat' dir='ltr'><strong>virtutis</strong></span> <span class='ocrx_word' id='word_1_231' title='bbox 525 2384 559 2440; x_wconf 93' lang='lat' dir='ltr'><strong>et</strong></span> <span class='ocrx_word' id='word_1_232' title='bbox 574 2371 713 2461; x_wconf 87' lang='lat' dir='ltr'><strong>pietatis</strong></span> <span class='ocrx_word' id='word_1_233' title='bbox 728 2383 904 2442; x_wconf 88' lang='lat' dir='ltr'><strong>amantem</strong></span> <span class='ocrx_word' id='word_1_234' title='bbox 920 2392 1003 2443; x_wconf 76' lang='lat' dir='ltr'><strong>ease⁴</strong></span> <span class='ocrx_word' id='word_1_235' title='bbox 1053 2365 1151 2436; x_wconf 89' lang='lat' dir='ltr'><strong>Bene</strong></span> <span class='ocrx_word' id='word_1_236' title='bbox 1166 2367 1254 2440; x_wconf 84' lang='lat' dir='ltr'><strong>vale.</strong></span> <span class='ocrx_word' id='word_1_237' title='bbox 1483 2385 1538 2464; x_wconf 54' lang='lat' dir='ltr'><strong>D,</strong></span> <span class='ocrx_word' id='word_1_238' title='bbox 1565 2381 1654 2460; x_wconf 61' lang='lat'><strong>000</strong></span> <span class='ocrx_word' id='word_1_239' title='bbox 1663 2414 1713 2483; x_wconf 63' lang='lat' dir='ltr'><strong>,g</strong></span> <span class='ocrx_word' id='word_1_240' title='bbox 1723 2388 1766 2460; x_wconf 51' lang='grc' dir='ltr'><strong>ἕο</strong></span> <span class='ocrx_word' id='word_1_241' title='bbox 1789 2381 1927 2462; x_wconf 64' lang='lat' dir='ltr'><strong>Cum</strong></span> <span class='ocrx_word' id='word_1_242' title='bbox 1936 2400 2004 2460; x_wconf 55' lang='grc' dir='ltr'><em>Μ</em></span> <span class='ocrx_word' id='word_1_243' title='bbox 2014 2415 2038 2460; x_wconf 64' lang='grc' dir='ltr'><em>α</em></span> <span class='ocrx_word' id='word_1_244' title='bbox 2049 2387 2127 2462; x_wconf 61' lang='lat' dir='ltr'><strong>dg„</strong></span> 
     </span>
    </p>
   </div>
   <div class='ocr_carea' id='block_1_4' title="bbox 265 2465 598 2586">
    <p class='ocr_par' dir='ltr' id='par_1_4' title="bbox 265 2465 598 2586">
     <span class='ocr_line' id='line_1_23' title="bbox 265 2465 598 2586; baseline -0.021 -35"><span class='ocrx_word' id='word_1_245' title='bbox 265 2475 301 2554; x_wconf 75' lang='grc'><strong>4.</strong></span> <span class='ocrx_word' id='word_1_246' title='bbox 318 2475 439 2586; x_wconf 84' lang='lat' dir='ltr'><strong>Nonas</strong></span> <span class='ocrx_word' id='word_1_247' title='bbox 455 2465 598 2564; x_wconf 63' lang='lat' dir='ltr'><strong>Matr).</strong></span> 
     </span>
    </p>
   </div>
   <div class='ocr_carea' id='block_1_5' title="bbox 1303 1817 2270 1946">
    <p class='ocr_par' dir='ltr' id='par_1_5' title="bbox 1303 1817 2270 1946">
     <span class='ocr_line' id='line_1_24' title="bbox 1303 1817 2270 1946; baseline -0.01 -50"><span class='ocrx_word' id='word_1_248' title='bbox 1303 1817 1501 1946; x_wconf 60' lang='lat' dir='ltr'><strong>Q.</strong></span> <span class='ocrx_word' id='word_1_249' title='bbox 1922 1831 1976 1892; x_wconf 89' lang='lat' dir='ltr'><strong>tt.</strong></span> <span class='ocrx_word' id='word_1_250' title='bbox 1996 1823 2072 1886; x_wconf 60' lang='lat' dir='ltr'><strong>ursa</strong></span> <span class='ocrx_word' id='word_1_251' title='bbox 2099 1823 2270 1904; x_wconf 57' lang='lat' dir='ltr'><strong>(ucenae.)</strong></span> 
     </span>
    </p>
   </div>
   <div class='ocr_carea' id='block_1_6' title="bbox 1915 1918 2265 1958">
    <p class='ocr_par' dir='ltr' id='par_1_6' title="bbox 1915 1918 2265 1958">
     <span class='ocr_line' id='line_1_25' title="bbox 1915 1918 2265 1958; baseline -0.014 1"><span class='ocrx_word' id='word_1_252' title='bbox 1915 1918 2265 1958; x_wconf 50' lang='lat' dir='ltr'><em>w</em></span> 
     </span>
    </p>
   </div>
   <div class='ocr_carea' id='block_1_7' title="bbox 657 2537 2276 2846">
    <p class='ocr_par' dir='ltr' id='par_1_7' title="bbox 657 2537 2276 2846">
     <span class='ocr_line' id='line_1_26' title="bbox 657 2537 2274 2664; baseline -0.015 -24"><span class='ocrx_word' id='word_1_253' title='bbox 657 2651 668 2662; x_wconf 45' lang='grc'><strong>,</strong></span> <span class='ocrx_word' id='word_1_254' title='bbox 780 2565 969 2664; x_wconf 86' lang='lat' dir='ltr'><strong>Philippus</strong></span> <span class='ocrx_word' id='word_1_255' title='bbox 984 2563 1208 2644; x_wconf 78' lang='lat' dir='ltr'><strong>Melanthon,</strong></span> <span class='ocrx_word' id='word_1_256' title='bbox 1309 2537 1356 2624; x_wconf 80' lang='lat' dir='ltr'><strong>S.</strong></span> <span class='ocrx_word' id='word_1_257' title='bbox 1382 2549 1427 2625; x_wconf 89' lang='lat' dir='ltr'><strong>D.</strong></span> <span class='ocrx_word' id='word_1_258' title='bbox 1460 2548 1667 2644; x_wconf 37' lang='lat' dir='ltr'><strong>,Magnifice</strong></span> <span class='ocrx_word' id='word_1_259' title='bbox 1691 2553 1745 2620; x_wconf 86' lang='lat' dir='ltr'><strong>vir</strong></span> <span class='ocrx_word' id='word_1_260' title='bbox 1760 2565 1795 2622; x_wconf 94' lang='lat' dir='ltr'><strong>et</strong></span> <span class='ocrx_word' id='word_1_261' title='bbox 1820 2565 1968 2644; x_wconf 88' lang='lat' dir='ltr'><strong>patrone</strong></span> <span class='ocrx_word' id='word_1_262' title='bbox 1985 2553 2152 2637; x_wconf 86' lang='lat' dir='ltr'><strong>colende,</strong></span> <span class='ocrx_word' id='word_1_263' title='bbox 2176 2551 2274 2623; x_wconf 89' lang='lat' dir='ltr'><strong>Scribo</strong></span> 
     </span>
     <span class='ocr_line' id='line_1_27' title="bbox 1310 2645 2276 2744; baseline -0.002 -22"><span class='ocrx_word' id='word_1_264' title='bbox 1310 2653 1469 2737; x_wconf 89' lang='lat' dir='ltr'><strong>brevius,</strong></span> <span class='ocrx_word' id='word_1_265' title='bbox 1494 2651 1576 2743; x_wconf 90' lang='lat' dir='ltr'><strong>qula</strong></span> <span class='ocrx_word' id='word_1_266' title='bbox 1597 2649 1641 2722; x_wconf 91' lang='lat' dir='ltr'><strong>D.</strong></span> <span class='ocrx_word' id='word_1_267' title='bbox 1658 2645 1874 2722; x_wconf 82' lang='lat' dir='ltr'><strong>Ioacleimus</strong></span> <span class='ocrx_word' id='word_1_268' title='bbox 1892 2654 2130 2724; x_wconf 77' lang='lat' dir='ltr'><strong>Camerarius</strong></span> <span class='ocrx_word' id='word_1_269' title='bbox 2152 2655 2216 2744; x_wconf 84' lang='lat' dir='ltr'><strong>ipse</strong></span> <span class='ocrx_word' id='word_1_270' title='bbox 2233 2677 2276 2720; x_wconf 83' lang='lat' dir='ltr'><strong>cx-</strong></span> 
     </span>
     <span class='ocr_line' id='line_1_28' title="bbox 1311 2749 2275 2846; baseline -0.003 -24"><span class='ocrx_word' id='word_1_271' title='bbox 1311 2749 1451 2822; x_wconf 87' lang='lat' dir='ltr'><strong>bibebit.</strong></span> <span class='ocrx_word' id='word_1_272' title='bbox 1471 2753 1572 2821; x_wconf 84' lang='lat' dir='ltr'><strong>vobis</strong></span> <span class='ocrx_word' id='word_1_273' title='bbox 1591 2757 1959 2825; x_wconf 85' lang='lat' dir='ltr'><strong>commemorationem</strong></span> <span class='ocrx_word' id='word_1_274' title='bbox 1982 2757 2148 2846; x_wconf 87' lang='lat' dir='ltr'><strong>scriptam</strong></span> <span class='ocrx_word' id='word_1_275' title='bbox 2170 2759 2209 2822; x_wconf 88' lang='lat' dir='ltr'><strong>de</strong></span> <span class='ocrx_word' id='word_1_276' title='bbox 2226 2777 2275 2820; x_wconf 90' lang='lat' dir='ltr'><strong>no·</strong></span> 
     </span>
    </p>
   </div>
   <div class='ocr_carea' id='block_1_8' title="bbox 279 2847 2305 4556">
    <p class='ocr_par' dir='ltr' id='par_1_8' title="bbox 1312 2847 2276 2950">
     <span class='ocr_line' id='line_1_29' title="bbox 1312 2847 2276 2950; baseline -0.005 -26"><span class='ocrx_word' id='word_1_277' title='bbox 1312 2855 1391 2942; x_wconf 80' lang='lat' dir='ltr'><strong>stris</strong></span> <span class='ocrx_word' id='word_1_278' title='bbox 1416 2849 1633 2948; x_wconf 76' lang='lat' dir='ltr'><strong>Ecclesiis⁸).</strong></span> <span class='ocrx_word' id='word_1_279' title='bbox 1658 2847 1663 2862; x_wconf 84' lang='grc'><strong>’</strong></span> <span class='ocrx_word' id='word_1_280' title='bbox 1702 2853 1741 2926; x_wconf 89' lang='lat' dir='ltr'><strong>Si</strong></span> <span class='ocrx_word' id='word_1_281' title='bbox 1765 2856 1832 2926; x_wconf 90' lang='lat' dir='ltr'><strong>erit</strong></span> <span class='ocrx_word' id='word_1_282' title='bbox 1854 2857 2041 2950; x_wconf 86' lang='lat' dir='ltr'><strong>Synodus,</strong></span> <span class='ocrx_word' id='word_1_283' title='bbox 2073 2869 2116 2926; x_wconf 93' lang='lat' dir='ltr'><strong>ut</strong></span> <span class='ocrx_word' id='word_1_284' title='bbox 2145 2857 2276 2924; x_wconf 89' lang='lat' dir='ltr'><strong>nondun</strong></span> 
     </span>
    </p>

    <p class='ocr_par' dir='ltr' id='par_1_9' title="bbox 279 2935 2278 3150">
     <span class='ocr_line' id='line_1_30' title="bbox 279 2935 2277 3050; baseline -0.006 -21"><span class='ocrx_word' id='word_1_285' title='bbox 279 2941 346 3014; x_wconf 72' lang='grc' dir='ltr'><strong>ΝΟ·</strong></span> <span class='ocrx_word' id='word_1_286' title='bbox 363 2937 474 3012; x_wconf 72' lang='lat'><strong>4894·</strong></span> <span class='ocrx_word' id='word_1_287' title='bbox 884 2942 940 3007; x_wconf 67' lang='lat'><strong>¹¹·</strong></span> <span class='ocrx_word' id='word_1_288' title='bbox 961 2937 1036 3002; x_wconf 65' lang='lat' dir='ltr'><strong>Mffi</strong></span> <span class='ocrx_word' id='word_1_289' title='bbox 1060 2935 1261 3019; x_wconf 62' lang='lat' dir='ltr'><strong>(D‘Wi&#39;e‘)</strong></span> <span class='ocrx_word' id='word_1_290' title='bbox 1312 2957 1485 3038; x_wconf 83' lang='lat' dir='ltr'><strong>arbitror,</strong></span> <span class='ocrx_word' id='word_1_291' title='bbox 1510 2967 1543 3022; x_wconf 86' lang='grc' dir='ltr'><strong>ει</strong></span> <span class='ocrx_word' id='word_1_292' title='bbox 1565 2955 1685 3023; x_wconf 82' lang='lat' dir='ltr'><strong>volent</strong></span> <span class='ocrx_word' id='word_1_293' title='bbox 1705 2957 1883 3048; x_wconf 78' lang='lat' dir='ltr'><strong>principes</strong></span> <span class='ocrx_word' id='word_1_294' title='bbox 1901 2951 2039 3027; x_wconf 83' lang='lat' dir='ltr'><strong>mittere</strong></span> <span class='ocrx_word' id='word_1_295' title='bbox 2061 2959 2211 3050; x_wconf 87' lang='lat' dir='ltr'><strong>aliquos,</strong></span> <span class='ocrx_word' id='word_1_296' title='bbox 2233 2953 2277 3023; x_wconf 87' lang='lat' dir='ltr'><strong>tali</strong></span> 
     </span>
     <span class='ocr_line' id='line_1_31' title="bbox 1313 3051 2278 3150; baseline -0.007 -22"><span class='ocrx_word' id='word_1_297' title='bbox 1313 3059 1431 3149; x_wconf 87' lang='lat' dir='ltr'><strong>aliqua</strong></span> <span class='ocrx_word' id='word_1_298' title='bbox 1448 3055 1559 3124; x_wconf 77' lang='lat' dir='ltr'><strong>forma</strong></span> <span class='ocrx_word' id='word_1_299' title='bbox 1583 3058 1649 3124; x_wconf 92' lang='lat' dir='ltr'><strong>erit</strong></span> <span class='ocrx_word' id='word_1_300' title='bbox 1666 3060 1942 3144; x_wconf 87' lang='lat' dir='ltr'><strong>ostendendum,</strong></span> <span class='ocrx_word' id='word_1_301' title='bbox 1969 3059 2054 3150; x_wconf 87' lang='lat' dir='ltr'><strong>quid</strong></span> <span class='ocrx_word' id='word_1_302' title='bbox 2075 3063 2215 3127; x_wconf 87' lang='lat' dir='ltr'><strong>doceant</strong></span> <span class='ocrx_word' id='word_1_303' title='bbox 2228 3051 2278 3122; x_wconf 86' lang='lat' dir='ltr'><strong>Et·</strong></span> 
     </span>
    </p>

    <p class='ocr_par' dir='ltr' id='par_1_10' title="bbox 582 3140 2277 3254">
     <span class='ocr_line' id='line_1_32' title="bbox 582 3140 2277 3254; baseline -0.006 -24"><span class='ocrx_word' id='word_1_304' title='bbox 582 3144 635 3230; x_wconf 81' lang='grc' dir='ltr'><strong>Ρ.</strong></span> <span class='ocrx_word' id='word_1_305' title='bbox 666 3140 964 3228; x_wconf 75' lang='lat' dir='ltr'><strong>Medmatmo.</strong></span> <span class='ocrx_word' id='word_1_306' title='bbox 1244 3231 1247 3236; x_wconf 66' lang='grc'>,</span> <span class='ocrx_word' id='word_1_307' title='bbox 1314 3159 1602 3242; x_wconf 72' lang='lat' dir='ltr'><strong>clesiaenostrae.</strong></span> <span class='ocrx_word' id='word_1_308' title='bbox 1653 3153 1702 3228; x_wconf 85' lang='lat' dir='ltr'><strong>Et</strong></span> <span class='ocrx_word' id='word_1_309' title='bbox 1720 3153 1811 3226; x_wconf 78' lang='lat' dir='ltr'><strong>lianc</strong></span> <span class='ocrx_word' id='word_1_310' title='bbox 1835 3161 1984 3228; x_wconf 81' lang='lat' dir='ltr'><strong>sormam</strong></span> <span class='ocrx_word' id='word_1_311' title='bbox 2004 3183 2066 3248; x_wconf 84' lang='lat' dir='ltr'><strong>ego</strong></span> <span class='ocrx_word' id='word_1_312' title='bbox 2088 3161 2221 3254; x_wconf 89' lang='lat' dir='ltr'><strong>quidem</strong></span> <span class='ocrx_word' id='word_1_313' title='bbox 2240 3155 2277 3220; x_wconf 89' lang='lat' dir='ltr'><strong>iu-</strong></span> 
     </span>
    </p>

    <p class='ocr_par' dir='ltr' id='par_1_11' title="bbox 1314 3254 2278 3330">
     <span class='ocr_line' id='line_1_33' title="bbox 1314 3254 2278 3330; baseline -0.011 -1"><span class='ocrx_word' id='word_1_314' title='bbox 1314 3261 1392 3330; x_wconf 90' lang='lat' dir='ltr'><strong>tlico</strong></span> <span class='ocrx_word' id='word_1_315' title='bbox 1408 3254 1640 3326; x_wconf 81' lang='lat' dir='ltr'><strong>honorificum</strong></span> <span class='ocrx_word' id='word_1_316' title='bbox 1656 3257 1897 3329; x_wconf 87' lang='lat' dir='ltr'><strong>testimonium</strong></span> <span class='ocrx_word' id='word_1_317' title='bbox 1911 3285 1984 3330; x_wconf 91' lang='lat' dir='ltr'><strong>esse</strong></span> <span class='ocrx_word' id='word_1_318' title='bbox 1999 3263 2130 3330; x_wconf 88' lang='lat' dir='ltr'><strong>uostris</strong></span> <span class='ocrx_word' id='word_1_319' title='bbox 2145 3254 2278 3328; x_wconf 83' lang='lat' dir='ltr'><strong>Ecclesiis</strong></span> 
     </span>
    </p>

    <p class='ocr_par' dir='ltr' id='par_1_12' title="bbox 705 3359 2278 3460">
     <span class='ocr_line' id='line_1_34' title="bbox 705 3359 2278 3460; baseline -0.008 -28"><span class='ocrx_word' id='word_1_320' title='bbox 705 3453 707 3460; x_wconf 18' lang='lat' dir='ltr'>y</span> <span class='ocrx_word' id='word_1_321' title='bbox 929 3441 933 3452; x_wconf 25' lang='lat'>⁸</span> <span class='ocrx_word' id='word_1_322' title='bbox 1315 3375 1351 3430; x_wconf 88' lang='lat' dir='ltr'><strong>et</strong></span> <span class='ocrx_word' id='word_1_323' title='bbox 1366 3381 1480 3444; x_wconf 88' lang='lat' dir='ltr'><strong>nnnc,</strong></span> <span class='ocrx_word' id='word_1_324' title='bbox 1506 3359 1599 3428; x_wconf 89' lang='lat' dir='ltr'><strong>etad</strong></span> <span class='ocrx_word' id='word_1_325' title='bbox 1626 3373 1801 3449; x_wconf 88' lang='lat' dir='ltr'><strong>posteros,</strong></span> <span class='ocrx_word' id='word_1_326' title='bbox 1828 3364 1922 3455; x_wconf 91' lang='lat' dir='ltr'><strong>quod</strong></span> <span class='ocrx_word' id='word_1_327' title='bbox 1946 3365 2130 3446; x_wconf 87' lang='lat' dir='ltr'><strong>ostendet,</strong></span> <span class='ocrx_word' id='word_1_328' title='bbox 2154 3383 2212 3428; x_wconf 89' lang='lat' dir='ltr'><strong>nos</strong></span> <span class='ocrx_word' id='word_1_329' title='bbox 2225 3377 2278 3423; x_wconf 88' lang='lat' dir='ltr'><strong>non</strong></span> 
     </span>
    </p>

    <p class='ocr_par' dir='ltr' id='par_1_13' title="bbox 405 3461 2305 4260">
     <span class='ocr_line' id='line_1_35' title="bbox 405 3461 2278 3553; baseline -0.013 -7"><span class='ocrx_word' id='word_1_330' title='bbox 405 3471 471 3546; x_wconf 81' lang='lat' dir='ltr'><strong>Ad</strong></span> <span class='ocrx_word' id='word_1_331' title='bbox 492 3469 547 3548; x_wconf 93' lang='lat' dir='ltr'><strong>D.</strong></span> <span class='ocrx_word' id='word_1_332' title='bbox 573 3465 761 3542; x_wconf 82' lang='lat' dir='ltr'><strong>Petrum</strong></span> <span class='ocrx_word' id='word_1_333' title='bbox 787 3464 1127 3542; x_wconf 83' lang='lat' dir='ltr'><strong>Medmaaaum.</strong></span> <span class='ocrx_word' id='word_1_334' title='bbox 1316 3465 1465 3553; x_wconf 88' lang='lat' dir='ltr'><strong>probare</strong></span> <span class='ocrx_word' id='word_1_335' title='bbox 1488 3461 1673 3544; x_wconf 87' lang='lat' dir='ltr'><strong>absurdas,</strong></span> <span class='ocrx_word' id='word_1_336' title='bbox 1697 3461 1883 3546; x_wconf 76' lang='lat' dir='ltr'><strong>socraticas,</strong></span> <span class='ocrx_word' id='word_1_337' title='bbox 1909 3463 2092 3533; x_wconf 89' lang='lat' dir='ltr'><strong>seditiosas</strong></span> <span class='ocrx_word' id='word_1_338' title='bbox 2114 3461 2278 3552; x_wconf 80' lang='lat' dir='ltr'><strong>opiniones</strong></span> 
     </span>
     <span class='ocr_line' id='line_1_36' title="bbox 1315 3555 2305 3654; baseline -0.013 -19"><span class='ocrx_word' id='word_1_339' title='bbox 1315 3563 1385 3635; x_wconf 87' lang='lat' dir='ltr'><strong>Sed</strong></span> <span class='ocrx_word' id='word_1_340' title='bbox 1402 3573 1510 3631; x_wconf 87' lang='lat' dir='ltr'><strong>totam</strong></span> <span class='ocrx_word' id='word_1_341' title='bbox 1528 3555 1618 3630; x_wconf 88' lang='lat' dir='ltr'><strong>banc</strong></span> <span class='ocrx_word' id='word_1_342' title='bbox 1635 3577 1852 3631; x_wconf 86' lang='lat' dir='ltr'><strong>remvestrae</strong></span> <span class='ocrx_word' id='word_1_343' title='bbox 1868 3565 2118 3634; x_wconf 83' lang='lat' dir='ltr'><strong>deliberationi</strong></span> <span class='ocrx_word' id='word_1_344' title='bbox 2135 3559 2278 3654; x_wconf 81' lang='lat' dir='ltr'><strong>permitto.</strong></span> <span class='ocrx_word' id='word_1_345' title='bbox 2304 3581 2305 3588; x_wconf 50' lang='lat'>¹</span> 
     </span>
     <span class='ocr_line' id='line_1_37' title="bbox 1315 3657 2305 3748; baseline -0.006 -14"><span class='ocrx_word' id='word_1_346' title='bbox 1315 3659 1445 3734; x_wconf 87' lang='lat' dir='ltr'><strong>Adbuc</strong></span> <span class='ocrx_word' id='word_1_347' title='bbox 1471 3685 1548 3732; x_wconf 90' lang='lat' dir='ltr'><strong>sum</strong></span> <span class='ocrx_word' id='word_1_348' title='bbox 1573 3663 1612 3730; x_wconf 92' lang='lat' dir='ltr'><strong>in</strong></span> <span class='ocrx_word' id='word_1_349' title='bbox 1638 3657 1704 3730; x_wconf 87' lang='lat' dir='ltr'><strong>bac</strong></span> <span class='ocrx_word' id='word_1_350' title='bbox 1730 3667 1924 3748; x_wconf 88' lang='lat' dir='ltr'><strong>sententia,</strong></span> <span class='ocrx_word' id='word_1_351' title='bbox 1956 3679 1997 3734; x_wconf 90' lang='lat' dir='ltr'><strong>nt</strong></span> <span class='ocrx_word' id='word_1_352' title='bbox 2022 3688 2198 3744; x_wconf 86' lang='lat' dir='ltr'><strong>censeam,</strong></span> <span class='ocrx_word' id='word_1_353' title='bbox 2226 3679 2277 3726; x_wconf 81' lang='lat' dir='ltr'><strong>11⁰ss</strong></span> <span class='ocrx_word' id='word_1_354' title='bbox 2304 3675 2305 3720; x_wconf 63' lang='grc' dir='ltr'>ἐ</span> 
     </span>
     <span class='ocr_line' id='line_1_38' title="bbox 1315 3761 2305 3852; baseline -0.012 -18"><span class='ocrx_word' id='word_1_355' title='bbox 1315 3763 1541 3852; x_wconf 86' lang='lat' dir='ltr'><strong>Principum,</strong></span> <span class='ocrx_word' id='word_1_356' title='bbox 1582 3765 1641 3832; x_wconf 90' lang='lat' dir='ltr'><strong>sed</strong></span> <span class='ocrx_word' id='word_1_357' title='bbox 1675 3761 1862 3832; x_wconf 89' lang='lat' dir='ltr'><strong>Pastorum</strong></span> <span class='ocrx_word' id='word_1_358' title='bbox 1894 3768 2039 3835; x_wconf 87' lang='lat' dir='ltr'><strong>nomine</strong></span> <span class='ocrx_word' id='word_1_359' title='bbox 2074 3761 2305 3850; x_wconf 73' lang='lat' dir='ltr'><strong>exbibendanl</strong></span> 
     </span>
     <span class='ocr_line' id='line_1_39' title="bbox 1315 3857 2279 3948; baseline -0.012 -12"><span class='ocrx_word' id='word_1_360' title='bbox 1315 3865 1684 3939; x_wconf 78' lang='lat' dir='ltr'><strong>cominernoratiouem</strong></span> <span class='ocrx_word' id='word_1_361' title='bbox 1704 3865 1886 3934; x_wconf 86' lang='lat' dir='ltr'><strong>doctrinae</strong></span> <span class='ocrx_word' id='word_1_362' title='bbox 1907 3867 1965 3935; x_wconf 88' lang='lat' dir='ltr'><strong>vel</strong></span> <span class='ocrx_word' id='word_1_363' title='bbox 1987 3863 2099 3948; x_wconf 69' lang='lat' dir='ltr'><strong>branc,</strong></span> <span class='ocrx_word' id='word_1_364' title='bbox 2133 3865 2185 3934; x_wconf 90' lang='lat' dir='ltr'><strong>vel</strong></span> <span class='ocrx_word' id='word_1_365' title='bbox 2205 3857 2279 3930; x_wconf 84' lang='lat' dir='ltr'><strong>sirni-</strong></span> 
     </span>
     <span class='ocr_line' id='line_1_40' title="bbox 1315 3964 2305 4062; baseline -0.009 -27"><span class='ocrx_word' id='word_1_366' title='bbox 1315 3967 1407 4049; x_wconf 88' lang='lat' dir='ltr'><strong>lem,</strong></span> <span class='ocrx_word' id='word_1_367' title='bbox 1431 3965 1463 4034; x_wconf 91' lang='lat' dir='ltr'><strong>si</strong></span> <span class='ocrx_word' id='word_1_368' title='bbox 1480 3977 1597 4036; x_wconf 86' lang='lat' dir='ltr'><strong>tamen</strong></span> <span class='ocrx_word' id='word_1_369' title='bbox 1615 3964 1682 4036; x_wconf 89' lang='lat' dir='ltr'><strong>erit</strong></span> <span class='ocrx_word' id='word_1_370' title='bbox 1706 3965 1891 4059; x_wconf 87' lang='lat' dir='ltr'><strong>Synodus,</strong></span> <span class='ocrx_word' id='word_1_371' title='bbox 1916 3967 2000 4060; x_wconf 88' lang='lat' dir='ltr'><strong>quia</strong></span> <span class='ocrx_word' id='word_1_372' title='bbox 2025 3969 2196 4062; x_wconf 88' lang='lat' dir='ltr'><strong>quaedam</strong></span> <span class='ocrx_word' id='word_1_373' title='bbox 2215 3982 2279 4032; x_wconf 91' lang='lat' dir='ltr'><strong>con·</strong></span> <span class='ocrx_word' id='word_1_374' title='bbox 2304 3965 2305 4042; x_wconf 58' lang='lat' dir='ltr'><strong>l</strong></span> 
     </span>
     <span class='ocr_line' id='line_1_41' title="bbox 1315 4057 2278 4158; baseline -0.012 -22"><span class='ocrx_word' id='word_1_375' title='bbox 1315 4066 1514 4138; x_wconf 88' lang='lat' dir='ltr'><strong>venientius</strong></span> <span class='ocrx_word' id='word_1_376' title='bbox 1528 4066 1699 4136; x_wconf 90' lang='lat' dir='ltr'><strong>dicuntur</strong></span> <span class='ocrx_word' id='word_1_377' title='bbox 1718 4065 1754 4134; x_wconf 93' lang='lat' dir='ltr'><strong>in</strong></span> <span class='ocrx_word' id='word_1_378' title='bbox 1777 4091 1925 4158; x_wconf 89' lang='lat' dir='ltr'><strong>persona</strong></span> <span class='ocrx_word' id='word_1_379' title='bbox 1940 4069 2157 4142; x_wconf 89' lang='lat' dir='ltr'><strong>ducentium.</strong></span> <span class='ocrx_word' id='word_1_380' title='bbox 2206 4063 2246 4133; x_wconf 82' lang='lat' dir='ltr'><strong>lle</strong></span> <span class='ocrx_word' id='word_1_381' title='bbox 2257 4057 2278 4125; x_wconf 90' lang='lat' dir='ltr'><strong>si</strong></span> 
     </span>
     <span class='ocr_line' id='line_1_42' title="bbox 1316 4163 2305 4260; baseline -0.003 -26"><span class='ocrx_word' id='word_1_382' title='bbox 1316 4169 1416 4238; x_wconf 88' lang='lat' dir='ltr'><strong>vobis</strong></span> <span class='ocrx_word' id='word_1_383' title='bbox 1435 4163 1519 4237; x_wconf 85' lang='lat' dir='ltr'><strong>baec</strong></span> <span class='ocrx_word' id='word_1_384' title='bbox 1534 4167 1665 4246; x_wconf 80' lang='lat' dir='ltr'><strong>forma,</strong></span> <span class='ocrx_word' id='word_1_385' title='bbox 1692 4191 1798 4260; x_wconf 82' lang='lat' dir='ltr'><strong>qsram</strong></span> <span class='ocrx_word' id='word_1_386' title='bbox 1815 4169 2035 4258; x_wconf 84' lang='lat' dir='ltr'><strong>scripsimus,</strong></span> <span class='ocrx_word' id='word_1_387' title='bbox 2057 4193 2130 4240; x_wconf 92' lang='lat' dir='ltr'><strong>non</strong></span> <span class='ocrx_word' id='word_1_388' title='bbox 2146 4163 2279 4258; x_wconf 81' lang='lat' dir='ltr'><strong>displice·</strong></span> <span class='ocrx_word' id='word_1_389' title='bbox 2304 4167 2305 4230; x_wconf 69' lang='lat' dir='ltr'><strong>l</strong></span> 
     </span>
    </p>

    <p class='ocr_par' dir='ltr' id='par_1_14' title="bbox 1318 4263 2278 4364">
     <span class='ocr_line' id='line_1_43' title="bbox 1318 4263 2278 4364; baseline -0.005 -26"><span class='ocrx_word' id='word_1_390' title='bbox 1318 4271 1386 4353; x_wconf 90' lang='lat' dir='ltr'><strong>bit,</strong></span> <span class='ocrx_word' id='word_1_391' title='bbox 1417 4268 1484 4338; x_wconf 89' lang='lat' dir='ltr'><strong>erit</strong></span> <span class='ocrx_word' id='word_1_392' title='bbox 1504 4269 1609 4338; x_wconf 90' lang='lat' dir='ltr'><strong>etiam</strong></span> <span class='ocrx_word' id='word_1_393' title='bbox 1628 4265 1844 4338; x_wconf 88' lang='lat' dir='ltr'><strong>Ductoribus</strong></span> <span class='ocrx_word' id='word_1_394' title='bbox 1864 4284 1899 4338; x_wconf 92' lang='lat' dir='ltr'><strong>et</strong></span> <span class='ocrx_word' id='word_1_395' title='bbox 1920 4269 2125 4341; x_wconf 79' lang='lat' dir='ltr'><strong>Pectoribus</strong></span> <span class='ocrx_word' id='word_1_396' title='bbox 2141 4263 2278 4364; x_wconf 74' lang='lat' dir='ltr'><strong>Lipsiae</strong></span> 
     </span>
    </p>

    <p class='ocr_par' dir='ltr' id='par_1_15' title="bbox 1316 4363 2277 4463">
     <span class='ocr_line' id='line_1_44' title="bbox 1316 4363 2277 4463; baseline 0.001 -26"><span class='ocrx_word' id='word_1_397' title='bbox 1316 4386 1349 4440; x_wconf 83' lang='lat' dir='ltr'><strong>et</strong></span> <span class='ocrx_word' id='word_1_398' title='bbox 1374 4369 1417 4442; x_wconf 90' lang='lat' dir='ltr'><strong>D.</strong></span> <span class='ocrx_word' id='word_1_399' title='bbox 1440 4365 1662 4458; x_wconf 56' lang='lat' dir='ltr'><strong>Danielis),</strong></span> <span class='ocrx_word' id='word_1_400' title='bbox 1693 4384 1729 4440; x_wconf 92' lang='lat' dir='ltr'><strong>et</strong></span> <span class='ocrx_word' id='word_1_401' title='bbox 1748 4363 1992 4463; x_wconf 75' lang='lat' dir='ltr'><strong>Frihergcase&#39;</strong></span> <span class='ocrx_word' id='word_1_402' title='bbox 2014 4373 2152 4452; x_wconf 88' lang='lat' dir='ltr'><strong>danda,</strong></span> <span class='ocrx_word' id='word_1_403' title='bbox 2181 4383 2216 4438; x_wconf 92' lang='lat' dir='ltr'><strong>ut</strong></span> <span class='ocrx_word' id='word_1_404' title='bbox 2237 4365 2277 4430; x_wconf 89' lang='lat' dir='ltr'><strong>iu-</strong></span> 
     </span>
    </p>

    <p class='ocr_par' dir='ltr' id='par_1_16' title="bbox 1317 4457 2279 4556">
     <span class='ocr_line' id='line_1_45' title="bbox 1317 4457 2279 4556; baseline -0.005 -15"><span class='ocrx_word' id='word_1_405' title='bbox 1317 4473 1435 4541; x_wconf 89' lang='lat' dir='ltr'><strong>dicent</strong></span> <span class='ocrx_word' id='word_1_406' title='bbox 1451 4495 1537 4544; x_wconf 89' lang='lat' dir='ltr'><strong>eam.</strong></span> <span class='ocrx_word' id='word_1_407' title='bbox 1589 4469 1736 4540; x_wconf 84' lang='lat' dir='ltr'><strong>Siinter</strong></span> <span class='ocrx_word' id='word_1_408' title='bbox 1750 4493 1815 4540; x_wconf 92' lang='lat' dir='ltr'><strong>nos</strong></span> <span class='ocrx_word' id='word_1_409' title='bbox 1831 4474 2037 4556; x_wconf 86' lang='lat' dir='ltr'><strong>conveniet,</strong></span> <span class='ocrx_word' id='word_1_410' title='bbox 2048 4473 2211 4542; x_wconf 76' lang='lat' dir='ltr'><strong>exintmo</strong></span> <span class='ocrx_word' id='word_1_411' title='bbox 2226 4457 2279 4532; x_wconf 74' lang='lat' dir='ltr'><strong>Pt-</strong></span> 
     </span>
    </p>
   </div>
   <div class='ocr_carea' id='block_1_9' title="bbox 337 3315 1175 3388">
    <p class='ocr_par' dir='ltr' id='par_1_17' title="bbox 337 3315 1175 3388">
     <span class='ocr_line' id='line_1_46' title="bbox 337 3315 1175 3388; baseline -0.01 -9"><span class='ocrx_word' id='word_1_412' title='bbox 337 3322 415 3378; x_wconf 80' lang='lat' dir='ltr'><strong>Edite</strong></span> <span class='ocrx_word' id='word_1_413' title='bbox 432 3339 447 3378; x_wconf 89' lang='lat' dir='ltr'><strong>a</strong></span> <span class='ocrx_word' id='word_1_414' title='bbox 467 3321 499 3376; x_wconf 81' lang='lat' dir='ltr'><strong>S.</strong></span> <span class='ocrx_word' id='word_1_415' title='bbox 516 3322 550 3376; x_wconf 79' lang='grc' dir='ltr'><strong>Α.</strong></span> <span class='ocrx_word' id='word_1_416' title='bbox 568 3318 715 3374; x_wconf 72' lang='lat' dir='ltr'><strong>Getieum</strong></span> <span class='ocrx_word' id='word_1_417' title='bbox 731 3318 760 3372; x_wconf 91' lang='lat' dir='ltr'><strong>in</strong></span> <span class='ocrx_word' id='word_1_418' title='bbox 778 3316 854 3388; x_wconf 84' lang='lat' dir='ltr'><strong>epist.</strong></span> <span class='ocrx_word' id='word_1_419' title='bbox 872 3316 969 3384; x_wconf 82' lang='lat' dir='ltr'><strong>claror.</strong></span> <span class='ocrx_word' id='word_1_420' title='bbox 987 3315 1070 3370; x_wconf 79' lang='lat' dir='ltr'><strong>viror.</strong></span> <span class='ocrx_word' id='word_1_421' title='bbox 1090 3333 1119 3388; x_wconf 83' lang='lat' dir='ltr'><strong>p.</strong></span> <span class='ocrx_word' id='word_1_422' title='bbox 1131 3315 1175 3372; x_wconf 87' lang='grc'><strong>82.</strong></span> 
     </span>
    </p>
   </div>
   <div class='ocr_carea' id='block_1_10' title="bbox 270 3607 1264 3800">
    <p class='ocr_par' dir='ltr' id='par_1_18' title="bbox 270 3607 1264 3800">
     <span class='ocr_line' id='line_1_47' title="bbox 270 3607 1263 3715; baseline -0.019 -13"><span class='ocrx_word' id='word_1_423' title='bbox 270 3607 390 3702; x_wconf 75' lang='lat' dir='ltr'><strong>caris.</strong></span> <span class='ocrx_word' id='word_1_424' title='bbox 411 3623 552 3707; x_wconf 82' lang='lat' dir='ltr'><strong>Frater,</strong></span> <span class='ocrx_word' id='word_1_425' title='bbox 584 3613 759 3715; x_wconf 84' lang='lat' dir='ltr'><strong>Mcppum</strong></span> <span class='ocrx_word' id='word_1_426' title='bbox 790 3619 834 3686; x_wconf 94' lang='lat' dir='ltr'><strong>ad</strong></span> <span class='ocrx_word' id='word_1_427' title='bbox 861 3629 895 3687; x_wconf 87' lang='lat' dir='ltr'><strong>te</strong></span> <span class='ocrx_word' id='word_1_428' title='bbox 920 3615 1121 3708; x_wconf 82' lang='lat' dir='ltr'><strong>pervenisse</strong></span> <span class='ocrx_word' id='word_1_429' title='bbox 1149 3637 1263 3706; x_wconf 87' lang='lat' dir='ltr'><strong>spero,</strong></span> 
     </span>
     <span class='ocr_line' id='line_1_48' title="bbox 270 3711 1264 3800; baseline -0.017 0"><span class='ocrx_word' id='word_1_430' title='bbox 270 3731 388 3800; x_wconf 83' lang='lat' dir='ltr'><strong>virum</strong></span> <span class='ocrx_word' id='word_1_431' title='bbox 410 3722 599 3796; x_wconf 89' lang='lat' dir='ltr'><strong>honestum</strong></span> <span class='ocrx_word' id='word_1_432' title='bbox 624 3735 658 3790; x_wconf 89' lang='lat' dir='ltr'><strong>et</strong></span> <span class='ocrx_word' id='word_1_433' title='bbox 685 3721 883 3799; x_wconf 88' lang='lat' dir='ltr'><strong>eruditum,</strong></span> <span class='ocrx_word' id='word_1_434' title='bbox 917 3733 952 3789; x_wconf 90' lang='grc' dir='ltr'><strong>ει</strong></span> <span class='ocrx_word' id='word_1_435' title='bbox 977 3717 1045 3787; x_wconf 89' lang='lat' dir='ltr'><strong>tibi</strong></span> <span class='ocrx_word' id='word_1_436' title='bbox 1066 3711 1264 3786; x_wconf 88' lang='lat' dir='ltr'><strong>exhibitum</strong></span> 
     </span>
    </p>
   </div>
   <div class='ocr_carea' id='block_1_11' title="bbox 187 3917 1266 4532">
    <p class='ocr_par' dir='ltr' id='par_1_19' title="bbox 187 3917 1266 4532">
     <span class='ocr_line' id='line_1_49' title="bbox 272 3917 1265 4022; baseline -0.017 -19"><span class='ocrx_word' id='word_1_437' title='bbox 272 3948 307 4004; x_wconf 87' lang='lat' dir='ltr'><strong>te</strong></span> <span class='ocrx_word' id='word_1_438' title='bbox 324 3931 471 4022; x_wconf 79' lang='lat' dir='ltr'><strong>scripta3</strong></span> <span class='ocrx_word' id='word_1_439' title='bbox 494 3927 593 3996; x_wconf 89' lang='lat' dir='ltr'><strong>cuius</strong></span> <span class='ocrx_word' id='word_1_440' title='bbox 612 3925 798 3996; x_wconf 89' lang='lat' dir='ltr'><strong>lectionem</strong></span> <span class='ocrx_word' id='word_1_441' title='bbox 822 3917 979 3991; x_wconf 81' lang='lat' dir='ltr'><strong>honestis</strong></span> <span class='ocrx_word' id='word_1_442' title='bbox 999 3933 1033 3990; x_wconf 90' lang='lat' dir='ltr'><strong>et</strong></span> <span class='ocrx_word' id='word_1_443' title='bbox 1048 3919 1161 3989; x_wconf 89' lang='lat' dir='ltr'><strong>doctis</strong></span> <span class='ocrx_word' id='word_1_444' title='bbox 1180 3917 1265 3987; x_wconf 88' lang='lat' dir='ltr'><strong>viris</strong></span> 
     </span>
     <span class='ocr_line' id='line_1_50' title="bbox 260 4021 1265 4126; baseline -0.019 -20"><span class='ocrx_word' id='word_1_445' title='bbox 260 4033 380 4126; x_wconf 88' lang='lat' dir='ltr'><strong>&#39;spero&#39;</strong></span> <span class='ocrx_word' id='word_1_446' title='bbox 397 4053 472 4101; x_wconf 90' lang='lat' dir='ltr'><strong>non</strong></span> <span class='ocrx_word' id='word_1_447' title='bbox 495 4029 676 4096; x_wconf 88' lang='lat' dir='ltr'><strong>insuavem</strong></span> <span class='ocrx_word' id='word_1_448' title='bbox 694 4027 782 4096; x_wconf 86' lang='lat' dir='ltr'><strong>fore.</strong></span> <span class='ocrx_word' id='word_1_449' title='bbox 830 4021 968 4093; x_wconf 88' lang='lat' dir='ltr'><strong>Literas</strong></span> <span class='ocrx_word' id='word_1_450' title='bbox 988 4021 1098 4110; x_wconf 78' lang='lat' dir='ltr'><strong>igitur</strong></span> <span class='ocrx_word' id='word_1_451' title='bbox 1118 4044 1138 4090; x_wconf 87' lang='lat' dir='ltr'><strong>a</strong></span> <span class='ocrx_word' id='word_1_452' title='bbox 1155 4033 1189 4090; x_wconf 92' lang='lat' dir='ltr'><strong>te</strong></span> <span class='ocrx_word' id='word_1_453' title='bbox 1205 4043 1265 4088; x_wconf 80' lang='lat' dir='ltr'><strong>ex-</strong></span> 
     </span>
     <span class='ocr_line' id='line_1_51' title="bbox 273 4121 1265 4228; baseline -0.016 -24"><span class='ocrx_word' id='word_1_454' title='bbox 273 4148 388 4228; x_wconf 90' lang='lat' dir='ltr'><strong>pecto.</strong></span> <span class='ocrx_word' id='word_1_455' title='bbox 439 4127 595 4200; x_wconf 81' lang='lat' dir='ltr'><strong>Accessit</strong></span> <span class='ocrx_word' id='word_1_456' title='bbox 617 4129 661 4196; x_wconf 90' lang='lat' dir='ltr'><strong>ad</strong></span> <span class='ocrx_word' id='word_1_457' title='bbox 677 4149 734 4194; x_wconf 90' lang='lat' dir='ltr'><strong>me</strong></span> <span class='ocrx_word' id='word_1_458' title='bbox 754 4121 813 4194; x_wconf 91' lang='lat' dir='ltr'><strong>bic</strong></span> <span class='ocrx_word' id='word_1_459' title='bbox 828 4137 949 4196; x_wconf 91' lang='lat' dir='ltr'><strong>noster</strong></span> <span class='ocrx_word' id='word_1_460' title='bbox 968 4121 1118 4208; x_wconf 90' lang='lat' dir='ltr'><strong>amicus,</strong></span> <span class='ocrx_word' id='word_1_461' title='bbox 1143 4122 1265 4215; x_wconf 92' lang='lat' dir='ltr'><strong>quide</strong></span> 
     </span>
     <span class='ocr_line' id='line_1_52' title="bbox 274 4217 1266 4311; baseline -0.02 -3"><span class='ocrx_word' id='word_1_462' title='bbox 274 4251 309 4309; x_wconf 87' lang='lat' dir='ltr'><strong>te</strong></span> <span class='ocrx_word' id='word_1_463' title='bbox 324 4234 427 4305; x_wconf 87' lang='lat' dir='ltr'><strong>valde</strong></span> <span class='ocrx_word' id='word_1_464' title='bbox 442 4243 601 4301; x_wconf 88' lang='lat' dir='ltr'><strong>amanter</strong></span> <span class='ocrx_word' id='word_1_465' title='bbox 617 4227 755 4296; x_wconf 90' lang='lat' dir='ltr'><strong>locutus</strong></span> <span class='ocrx_word' id='word_1_466' title='bbox 776 4237 845 4311; x_wconf 90' lang='lat' dir='ltr'><strong>est,</strong></span> <span class='ocrx_word' id='word_1_467' title='bbox 870 4249 950 4296; x_wconf 92' lang='lat' dir='ltr'><strong>cum</strong></span> <span class='ocrx_word' id='word_1_468' title='bbox 972 4247 1012 4295; x_wconf 82' lang='lat' dir='ltr'><strong>cx</strong></span> <span class='ocrx_word' id='word_1_469' title='bbox 1034 4237 1153 4294; x_wconf 87' lang='lat' dir='ltr'><strong>nostra</strong></span> <span class='ocrx_word' id='word_1_470' title='bbox 1172 4217 1266 4291; x_wconf 85' lang='lat' dir='ltr'><strong>Aca-</strong></span> 
     </span>
     <span class='ocr_line' id='line_1_53' title="bbox 274 4322 1263 4414; baseline -0.02 -5"><span class='ocrx_word' id='word_1_471' title='bbox 274 4337 391 4409; x_wconf 86' lang='lat' dir='ltr'><strong>demia</strong></span> <span class='ocrx_word' id='word_1_472' title='bbox 421 4335 467 4404; x_wconf 90' lang='lat' dir='ltr'><strong>ad</strong></span> <span class='ocrx_word' id='word_1_473' title='bbox 490 4322 740 4400; x_wconf 83' lang='lat' dir='ltr'><strong>Aahaltinum</strong></span> <span class='ocrx_word' id='word_1_474' title='bbox 770 4327 1002 4408; x_wconf 88' lang='lat' dir='ltr'><strong>secessissem,</strong></span> <span class='ocrx_word' id='word_1_475' title='bbox 1030 4339 1070 4396; x_wconf 92' lang='lat' dir='ltr'><strong>ut</strong></span> <span class='ocrx_word' id='word_1_476' title='bbox 1095 4325 1263 4414; x_wconf 86' lang='lat' dir='ltr'><strong>scriptum</strong></span> 
     </span>
     <span class='ocr_line' id='line_1_54' title="bbox 187 4417 1266 4532; baseline -0.02 -21"><span class='ocrx_word' id='word_1_477' title='bbox 187 4445 189 4452; x_wconf 56' lang='lat'><strong>⁴</strong></span> <span class='ocrx_word' id='word_1_478' title='bbox 274 4451 454 4532; x_wconf 84' lang='lat' dir='ltr'><strong>pertexere</strong></span> <span class='ocrx_word' id='word_1_479' title='bbox 482 4457 640 4526; x_wconf 89' lang='lat' dir='ltr'><strong>possem,</strong></span> <span class='ocrx_word' id='word_1_480' title='bbox 673 4429 768 4522; x_wconf 89' lang='lat' dir='ltr'><strong>quod</strong></span> <span class='ocrx_word' id='word_1_481' title='bbox 790 4428 834 4495; x_wconf 87' lang='lat' dir='ltr'><strong>ad</strong></span> <span class='ocrx_word' id='word_1_482' title='bbox 859 4419 1051 4520; x_wconf 80' lang='lat' dir='ltr'><strong>Synodam</strong></span> <span class='ocrx_word' id='word_1_483' title='bbox 1076 4417 1266 4494; x_wconf 83' lang='lat' dir='ltr'><strong>Tridenti-</strong></span> 
     </span>
    </p>
   </div>
   <div class='ocr_carea' id='block_1_12' title="bbox 274 4521 2277 4666">
    <p class='ocr_par' dir='ltr' id='par_1_20' title="bbox 274 4521 2277 4666">
     <span class='ocr_line' id='line_1_55' title="bbox 274 4521 2277 4666; baseline -0.001 -58"><span class='ocrx_word' id='word_1_484' title='bbox 274 4563 379 4624; x_wconf 83' lang='lat' dir='ltr'><strong>nam,</strong></span> <span class='ocrx_word' id='word_1_485' title='bbox 397 4538 427 4606; x_wconf 91' lang='lat' dir='ltr'><strong>si</strong></span> <span class='ocrx_word' id='word_1_486' title='bbox 446 4537 620 4628; x_wconf 82' lang='lat' dir='ltr'><strong>procedet,</strong></span> <span class='ocrx_word' id='word_1_487' title='bbox 640 4531 850 4601; x_wconf 84' lang='lat' dir='ltr'><strong>mittendum</strong></span> <span class='ocrx_word' id='word_1_488' title='bbox 866 4521 981 4618; x_wconf 73' lang='lat' dir='ltr'><strong>est*):</strong></span> <span class='ocrx_word' id='word_1_489' title='bbox 1006 4525 1054 4596; x_wconf 80' lang='lat' dir='ltr'><strong>Et</strong></span> <span class='ocrx_word' id='word_1_490' title='bbox 1067 4528 1264 4616; x_wconf 70' lang='lat' dir='ltr'><strong>exemplum</strong></span> <span class='ocrx_word' id='word_1_491' title='bbox 1317 4570 1537 4656; x_wconf 81' lang='lat' dir='ltr'><strong>merant&#39;cos,</strong></span> <span class='ocrx_word' id='word_1_492' title='bbox 1559 4586 1593 4642; x_wconf 53' lang='lat' dir='ltr'><strong>et</strong></span> <span class='ocrx_word' id='word_1_493' title='bbox 1609 4569 1769 4652; x_wconf 47' lang='lat' dir='ltr'><strong>pastures</strong></span> <span class='ocrx_word' id='word_1_494' title='bbox 1786 4573 1969 4644; x_wconf 48' lang='lat' dir='ltr'>civitatum</span> <span class='ocrx_word' id='word_1_495' title='bbox 1986 4575 2239 4666; x_wconf 56' lang='lat' dir='ltr'><strong>praecipuarum</strong></span> <span class='ocrx_word' id='word_1_496' title='bbox 2251 4563 2277 4630; x_wconf 65' lang='lat' dir='ltr'><strong>in</strong></span> 
     </span>
    </p>
   </div>
   <div class='ocr_carea' id='block_1_13' title="bbox 273 4621 2278 4850">
    <p class='ocr_par' dir='ltr' id='par_1_21' title="bbox 273 4621 2278 4850">
     <span class='ocr_line' id='line_1_56' title="bbox 275 4621 2278 4762; baseline -0.017 -50"><span class='ocrx_word' id='word_1_497' title='bbox 275 4639 341 4712; x_wconf 91' lang='lat' dir='ltr'><strong>tibi</strong></span> <span class='ocrx_word' id='word_1_498' title='bbox 356 4639 504 4708; x_wconf 90' lang='lat' dir='ltr'><strong>mittam.</strong></span> <span class='ocrx_word' id='word_1_499' title='bbox 545 4634 639 4722; x_wconf 83' lang='lat' dir='ltr'><strong>Lego</strong></span> <span class='ocrx_word' id='word_1_500' title='bbox 657 4635 778 4701; x_wconf 89' lang='lat' dir='ltr'><strong>iamin</strong></span> <span class='ocrx_word' id='word_1_501' title='bbox 797 4651 931 4748; x_wconf 73' lang='lat' dir='ltr'><strong>secessu</strong></span> <span class='ocrx_word' id='word_1_502' title='bbox 944 4625 1162 4746; x_wconf 73' lang='lat' dir='ltr'><strong>Clementem</strong></span> <span class='ocrx_word' id='word_1_503' title='bbox 1180 4621 1265 4694; x_wconf 84' lang='lat' dir='ltr'><strong>Alc·</strong></span> <span class='ocrx_word' id='word_1_504' title='bbox 1317 4669 1492 4743; x_wconf 53' lang='lat' dir='ltr'><strong><em>saxonia</em></strong></span> <span class='ocrx_word' id='word_1_505' title='bbox 1510 4671 1867 4762; x_wconf 46' lang='lat' dir='ltr'><strong>subscripturosesse·</strong></span> <span class='ocrx_word' id='word_1_506' title='bbox 1915 4671 2062 4746; x_wconf 51' lang='lat' dir='ltr'><strong>Bemt</strong></span> <span class='ocrx_word' id='word_1_507' title='bbox 2082 4673 2278 4744; x_wconf 47' lang='lat' dir='ltr'>sancitam.</span> 
     </span>
     <span class='ocr_line' id='line_1_57' title="bbox 273 4723 2010 4850; baseline -0.018 -34"><span class='ocrx_word' id='word_1_508' title='bbox 273 4739 509 4820; x_wconf 65' lang='lat' dir='ltr'><strong>undrinnai,</strong></span> <span class='ocrx_word' id='word_1_509' title='bbox 535 4736 596 4828; x_wconf 92' lang='lat' dir='ltr'><strong>qui</strong></span> <span class='ocrx_word' id='word_1_510' title='bbox 614 4735 734 4803; x_wconf 88' lang='lat' dir='ltr'><strong>recitat</strong></span> <span class='ocrx_word' id='word_1_511' title='bbox 756 4733 996 4802; x_wconf 79' lang='lat' dir='ltr'><strong>definitionem</strong></span> <span class='ocrx_word' id='word_1_512' title='bbox 1015 4743 1185 4811; x_wconf 86' lang='lat' dir='ltr'><strong>rustttrae,</strong></span> <span class='ocrx_word' id='word_1_513' title='bbox 1211 4723 1266 4798; x_wconf 84' lang='lat' dir='ltr'><strong>dt·</strong></span> <span class='ocrx_word' id='word_1_514' title='bbox 1318 4779 1396 4850; x_wconf 48' lang='lat' dir='ltr'><strong>lete·</strong></span> <span class='ocrx_word' id='word_1_515' title='bbox 1451 4775 1515 4848; x_wconf 65' lang='lat' dir='ltr'><strong>Die</strong></span> <span class='ocrx_word' id='word_1_516' title='bbox 1538 4775 1593 4848; x_wconf 47' lang='lat'><strong>11·</strong></span> <span class='ocrx_word' id='word_1_517' title='bbox 1610 4766 1712 4844; x_wconf 50' lang='lat' dir='ltr'>Maii·</span> <span class='ocrx_word' id='word_1_518' title='bbox 2007 4751 2010 4760; x_wconf 90' lang='lat'>·</span> 
     </span>
    </p>
   </div>
   <div class='ocr_carea' id='block_1_14' title="bbox 273 4823 1604 5024">
    <p class='ocr_par' dir='ltr' id='par_1_22' title="bbox 273 4823 1604 5024">
     <span class='ocr_line' id='line_1_58' title="bbox 273 4823 1336 4934; baseline -0.028 -14"><span class='ocrx_word' id='word_1_519' title='bbox 273 4835 453 4934; x_wconf 83' lang='grc' dir='ltr'><strong>καιοσύνη</strong></span> <span class='ocrx_word' id='word_1_520' title='bbox 469 4833 543 4910; x_wconf 78' lang='grc' dir='ltr'><em>ἐστὶ</em></span> <span class='ocrx_word' id='word_1_521' title='bbox 558 4829 734 4906; x_wconf 81' lang='grc' dir='ltr'><strong>κοινωνία</strong></span> <span class='ocrx_word' id='word_1_522' title='bbox 753 4834 845 4904; x_wconf 79' lang='grc' dir='ltr'><strong>θεοῦ</strong></span> <span class='ocrx_word' id='word_1_523' title='bbox 858 4827 952 4924; x_wconf 76' lang='lat' dir='ltr'><strong>perci</strong></span> <span class='ocrx_word' id='word_1_524' title='bbox 971 4823 1149 4924; x_wconf 77' lang='grc' dir='ltr'><strong><em>ἰσότητος.</em></strong></span> <span class='ocrx_word' id='word_1_525' title='bbox 1179 4827 1267 4898; x_wconf 80' lang='lat' dir='ltr'><strong>Exi·</strong></span> <span class='ocrx_word' id='word_1_526' title='bbox 1333 4883 1336 4890; x_wconf 90' lang='lat'>.</span> 
     </span>
     <span class='ocr_line' id='line_1_59' title="bbox 276 4927 1604 5024; baseline -0.024 -6"><span class='ocrx_word' id='word_1_527' title='bbox 276 4949 381 5024; x_wconf 81' lang='lat' dir='ltr'><strong>stirno</strong></span> <span class='ocrx_word' id='word_1_528' title='bbox 397 4939 490 5015; x_wconf 89' lang='lat' dir='ltr'><strong>hauc</strong></span> <span class='ocrx_word' id='word_1_529' title='bbox 503 4935 744 5010; x_wconf 87' lang='lat' dir='ltr'><strong>definitionem</strong></span> <span class='ocrx_word' id='word_1_530' title='bbox 760 4935 804 5004; x_wconf 90' lang='lat' dir='ltr'><strong>ab</strong></span> <span class='ocrx_word' id='word_1_531' title='bbox 821 4933 864 5004; x_wconf 88' lang='lat' dir='ltr'><strong>iis</strong></span> <span class='ocrx_word' id='word_1_532' title='bbox 878 4934 1044 5004; x_wconf 91' lang='lat' dir='ltr'><strong>traditam</strong></span> <span class='ocrx_word' id='word_1_533' title='bbox 1061 4931 1267 5024; x_wconf 70' lang='lat' dir='ltr'><strong>esseprimis</strong></span> <span class='ocrx_word' id='word_1_534' title='bbox 1322 4951 1529 4992; x_wconf 70' lang='grc' dir='ltr'>...ι-...-</span> <span class='ocrx_word' id='word_1_535' title='bbox 1601 4927 1604 4937; x_wconf 92' lang='grc'>’</span> 
     </span>
    </p>
   </div>
   <div class='ocr_carea' id='block_1_15' title="bbox 283 5103 2281 5190">
    <p class='ocr_par' dir='ltr' id='par_1_23' title="bbox 283 5103 2281 5190">
     <span class='ocr_line' id='line_1_60' title="bbox 283 5103 2281 5190; baseline -0.024 24"><span class='ocrx_word' id='word_1_536' title='bbox 283 5129 510 5149; x_wconf 81' lang='lat'>..........-</span> <span class='ocrx_word' id='word_1_537' title='bbox 1352 5120 1380 5188; x_wconf 85' lang='lat' dir='ltr'><strong>l)</strong></span> <span class='ocrx_word' id='word_1_538' title='bbox 1408 5117 1456 5170; x_wconf 79' lang='lat' dir='ltr'><strong>Est</strong></span> <span class='ocrx_word' id='word_1_539' title='bbox 1481 5115 1570 5190; x_wconf 84' lang='lat' dir='ltr'><strong>prima</strong></span> <span class='ocrx_word' id='word_1_540' title='bbox 1594 5117 1741 5176; x_wconf 80' lang='lat' dir='ltr'><strong>delineatio</strong></span> <span class='ocrx_word' id='word_1_541' title='bbox 1766 5115 2130 5190; x_wconf 68' lang='lat' dir='ltr'><strong>eortmtmn&#39;samriae,</strong></span> <span class='ocrx_word' id='word_1_542' title='bbox 2161 5103 2281 5170; x_wconf 69' lang='lat' dir='ltr'><strong>nunciat</strong></span> 
     </span>
    </p>
   </div>
   <div class='ocr_carea' id='block_1_16' title="bbox 309 5188 1496 5492">
    <p class='ocr_par' dir='ltr' id='par_1_24' title="bbox 309 5188 1496 5492">
     <span class='ocr_line' id='line_1_61' title="bbox 311 5188 1496 5320; baseline -0.03 -14"><span class='ocrx_word' id='word_1_543' title='bbox 311 5253 339 5320; x_wconf 81' lang='grc' dir='ltr'><strong>ι)</strong></span> <span class='ocrx_word' id='word_1_544' title='bbox 357 5239 419 5305; x_wconf 77' lang='lat' dir='ltr'><strong>vra:</strong></span> <span class='ocrx_word' id='word_1_545' title='bbox 436 5228 514 5319; x_wconf 68' lang='lat' dir='ltr'><strong>apr-&#39;e</strong></span> <span class='ocrx_word' id='word_1_546' title='bbox 532 5241 630 5298; x_wconf 71' lang='lat' dir='ltr'><strong>auem</strong></span> <span class='ocrx_word' id='word_1_547' title='bbox 649 5239 677 5298; x_wconf 87' lang='lat' dir='ltr'><strong>a.</strong></span> <span class='ocrx_word' id='word_1_548' title='bbox 694 5238 721 5292; x_wconf 81' lang='lat' dir='ltr'><strong>a.</strong></span> <span class='ocrx_word' id='word_1_549' title='bbox 740 5235 821 5292; x_wconf 68' lang='lat' dir='ltr'><strong>rear.</strong></span> <span class='ocrx_word' id='word_1_550' title='bbox 840 5233 864 5294; x_wconf 73' lang='lat' dir='ltr'><strong>t.</strong></span> <span class='ocrx_word' id='word_1_551' title='bbox 883 5251 907 5292; x_wconf 71' lang='lat' dir='ltr'><strong>a.</strong></span> <span class='ocrx_word' id='word_1_552' title='bbox 1386 5188 1496 5258; x_wconf 49' lang='grc' dir='ltr'><strong>*ΨΜ</strong></span> 
     </span>
     <span class='ocr_line' id='line_1_62' title="bbox 309 5321 879 5400; baseline -0.023 -13"><span class='ocrx_word' id='word_1_553' title='bbox 309 5335 339 5400; x_wconf 83' lang='grc'><strong>2)</strong></span> <span class='ocrx_word' id='word_1_554' title='bbox 356 5333 414 5384; x_wconf 77' lang='lat' dir='ltr'><strong>Alia</strong></span> <span class='ocrx_word' id='word_1_555' title='bbox 432 5348 529 5383; x_wconf 80' lang='lat' dir='ltr'><strong>manas</strong></span> <span class='ocrx_word' id='word_1_556' title='bbox 546 5325 702 5398; x_wconf 74' lang='lat' dir='ltr'><strong>adscripsit:</strong></span> <span class='ocrx_word' id='word_1_557' title='bbox 720 5341 783 5378; x_wconf 89' lang='lat' dir='ltr'><strong>aun.</strong></span> <span class='ocrx_word' id='word_1_558' title='bbox 796 5321 879 5376; x_wconf 74' lang='lat' dir='ltr'><strong>rost.</strong></span> 
     </span>
     <span class='ocr_line' id='line_1_63' title="bbox 310 5410 1015 5492; baseline -0.024 -20"><span class='ocrx_word' id='word_1_559' title='bbox 310 5419 339 5491; x_wconf 75' lang='lat' dir='ltr'><strong>*J</strong></span> <span class='ocrx_word' id='word_1_560' title='bbox 358 5415 404 5470; x_wconf 81' lang='lat' dir='ltr'><strong>ua</strong></span> <span class='ocrx_word' id='word_1_561' title='bbox 421 5411 580 5492; x_wconf 52' lang='lat' dir='ltr'><strong>nconlersio</strong></span> <span class='ocrx_word' id='word_1_562' title='bbox 598 5410 764 5476; x_wconf 83' lang='lat' dir='ltr'><strong>Saronica¹&#39;,</strong></span> <span class='ocrx_word' id='word_1_563' title='bbox 781 5418 811 5464; x_wconf 86' lang='lat' dir='ltr'><strong>ut</strong></span> <span class='ocrx_word' id='word_1_564' title='bbox 829 5413 952 5462; x_wconf 78' lang='lat' dir='ltr'><strong>vocatur·</strong></span> <span class='ocrx_word' id='word_1_565' title='bbox 1012 5471 1015 5478; x_wconf 28' lang='grc' dir='ltr'><strong><em>Ι</em></strong></span> 
     </span>
    </p>
   </div>
   <div class='ocr_carea' id='block_1_17' title="bbox 1264 5240 1988 5390">
    <p class='ocr_par' dir='ltr' id='par_1_25' title="bbox 1264 5240 1988 5390">
     <span class='ocr_line' id='line_1_64' title="bbox 1264 5240 1988 5390; baseline -0.003 -46"><span class='ocrx_word' id='word_1_566' title='bbox 1264 5377 1268 5390; x_wconf 40' lang='grc' dir='ltr'>Ι</span> <span class='ocrx_word' id='word_1_567' title='bbox 1348 5287 1384 5368; x_wconf 88' lang='grc'><strong>2)</strong></span> <span class='ocrx_word' id='word_1_568' title='bbox 1402 5285 1501 5344; x_wconf 86' lang='lat' dir='ltr'><strong>Daniel</strong></span> <span class='ocrx_word' id='word_1_569' title='bbox 1518 5267 1687 5356; x_wconf 68' lang='lat' dir='ltr'><strong>&#39;Gnaeum</strong></span> <span class='ocrx_word' id='word_1_570' title='bbox 1705 5240 1988 5348; x_wconf 61' lang='lat' dir='ltr'><strong>Parni-,necabam</strong></span> 
     </span>
    </p>
   </div>
   <div class='ocr_carea' id='block_1_18' title="bbox 0 0 2349 5812">
    <p class='ocr_par' dir='ltr' id='par_1_26' title="bbox 0 0 2349 5812">
     <span class='ocr_line' id='line_1_65' title="bbox 0 0 2349 5812; baseline 0 0"><span class='ocrx_word' id='word_1_571' title='bbox 0 0 2349 5812; x_wconf 95' lang='lat' dir='ltr'><strong> </strong></span> 
     </span>
    </p>
   </div>
  </div>
 </body>
</html>
