4682 5808
191 205 243 286 ω
321 233 326 248 -
772 193 1209 278 neisrotinuiu
1237 192 1367 282 ''iiit
1391 193 1458 278 iu.
1510 193 1642 280 isis.
1996 154 2000 163 ’
2165 197 2242 287 ιω

191 389 235 466 ut
248 374 297 451 sit
308 370 553 450 demonium
564 371 614 442 ‘de
629 369 792 442 doctrina
807 375 851 444 ad
867 387 1037 466 posteros.
1088 371 1131 446 lii
1149 401 1188 445 ea
1242 371 1598 446 nihilitumoderate
1631 373 1800 461 iacimus,
1834 387 2021 446 ettamen
2046 367 2238 442 isunnam

171 477 412 548 consessione
433 497 495 544 vos
518 497 660 568 quoque
686 475 874 545 nobiscum
897 477 1067 567 coniungi
1088 489 1190 570 opta-
1242 475 1498 548 consessionem
1515 477 1710 550 doctrinae.
2203 477 2208 490 ’

192 601 293 665 inus,
323 592 358 652 et
379 587 460 650 ante
482 573 678 645 editionem
702 577 806 648 vobis
826 577 1006 650 mittemus
1027 581 1190 666 termam,
1344 576 1452 666 Quod
1465 573 1560 652 datis
1575 573 1737 668 operam,
1758 587 1799 650 ut
1814 599 1957 646 examen
1976 588 2011 647 et
2032 572 2236 666 petitionem

193 695 236 754 ut
251 680 436 750 nobiscum
453 677 669 751 deliberetis.
1144 729 1154 736 -
1243 680 1477 755 absolutionis
1497 679 1708 759 restituatis,
1734 679 1829 772 piam
1851 675 2071 748 voluntatem
2089 687 2236 744 vestram

294 810 404 882 Liber
430 807 660 902 Augustanus
687 811 845 883 continet
878 813 1080 884 manifestas
1112 838 1191 884 cor·
1243 797 1278 854 ⁰²
1305 781 1494 852 ⁰⁰⁰⁵lll¹¹¹¹¹
1519 782 1721 899 P‘⁰‚b³“¹¹¹⁸·
1780 775 1860 852 El⁵l
1883 791 2000 850 aulem
2024 787 2147 896 ‘funt’
2178 777 2236 894 ‘Ill

194 913 362 1007 puppem,
419 909 504 984 ldeo
534 913 757 1007 ngquaquam
791 937 872 985 eum
906 916 1191 1008 approbabimus,
1243 907 1317 954 non
1343 885 1465 1002 volent
1488 883 1652 1000 obedire,
1676 896 1900 1000 tamencum
1919 893 2065 950 caeteris
2089 878 2234 947 volenti·

195 1016 335 1087 etiamsi
367 1013 472 1085 exilia
514 1029 548 1084 et
585 1015 758 1107 supplicia
792 1016 897 1086 nobis
936 1017 1191 1110 proponentur.
1244 987 1311 1058 ΒΜ
1328 985 1474 1103 ‘lbfdl‘e
1497 999 1624 1074 agam*
1652 979 1701 1056 Et
1720 983 1848 1102 ’ΜΨ
1866 995 1934 1066 ‘⁸²’
1960 995 2068 1102 lpum
2087 1003 2238 1048 mmm·

194 1116 358 1190 Modeste
374 1129 491 1186 autem
509 1117 553 1186 de
568 1140 609 1186 eo
624 1118 717 1187 libro
734 1117 998 1210 respondimus,
1023 1121 1126 1212 quia,
1151 1133 1192 1190 ut
1244 1089 1435 1207 lufllaffflfn
1464 1109 1558 1170 ΕΜ,
1588 1109 1694 1204 (ΙΨ
1724 1088 1919 1202 illlum&
1946 1108 2020 1200 ‘⁷¹¹9
2048 1082 2238 1198 P⁰l¹¹¹⁶f¹¹ffl

198 1217 428 1298 aeiiiieraiio,
463 1220 509 1288 aa
535 1218 724 1289 aieimiiei
750 1221 928 1290 austures
954 1221 1083 1314 scripta
1113 1222 1191 1296 fiii.
1244 1187 1436 1308 thstufss
1452 1202 1583 1306 quanm
1600 1178 1732 1305 θόρ’)
1751 1199 1936 1304 uicerunt
1956 1199 2061 1302 euge
2078 1183 2239 1254 fideles·

195 1313 245 1394 Et
259 1335 378 1392 tamen
394 1319 498 1390 nobis
515 1311 645 1409 singuli
662 1322 916 1392 contessionem
932 1323 1107 1413 integram
1118 1347 1192 1394 ser·
1244 1317 1296 1360 ¹¹¹¹
1316 1303 1469 1359 ’ΜΨ
1492 1285 1698 1378 Emg‘h'a
1730 1312 1812 1405 Ψ
1836 1312 1910 1356 ἯῙΠ
1937 1287 2119 1380 P⁰¹¹¹¹⁰³¹¹¹
2142 1307 2239 1401 ‘fef'

197 1423 370 1518 uenimus.
406 1418 531 1491 Vestra
547 1422 755 1493 deliberatio
770 1423 807 1491 in
823 1447 960 1492 summa
975 1449 1054 1494 cum
1072 1440 1191 1496 nostra
1245 1405 1335 1465 ⁶⁰⁰¹·
1387 1387 1436 1463 El
1460 1387 1548 1460 haec
1571 1413 1692 1484 “leri
1715 1389 1830 1460 ³¹¹⁰¹¹²
1856 1401 1907 1460 ‘²⁵²
1935 1413 1956 1460 ὃ
1983 1399 2105 1458 ΗΜΘ
2132 1409 2239 1454 mnu·
2306 1435 2307 1446 ¹

199 1524 372 1616 congruit.
430 1521 504 1593 Nec
533 1524 758 1594 solicitudine
785 1525 902 1617 aliqua
931 1549 1020 1616 opus
1045 1541 1114 1613 est,
1149 1529 1192 1594 de
1245 1495 1364 1566 ”esim
1505 1592 1514 1610 ‚
1593 1593 1602 1610 ι
1754 1592 1764 1612 ⁹
1843 1591 1854 1610 .

198 1639 369 1716 potestate
392 1621 669 1718 Episcoporum‚
701 1638 762 1696 aut
783 1627 827 1694 de
845 1628 1076 1712 ceremoniis,
1110 1629 1193 1722 quia
1344 1591 1399 1664 De
1413 1592 1557 1686 Ριὼιιοο
1572 1606 1643 1662 ‘¹¹¹¹
1658 1585 2187 1684 P⁰²¹¹¹l⁸¹1¹¹³0l¹⁰⁰³0¹⁸V³m11⁸2
2209 1599 2240 1656 θῑ

197 1725 367 1820 Episcopi
383 1749 520 1818 semper
543 1740 649 1798 erunt
667 1721 784 1797 hostes
800 1739 1001 1798 nostrarum
1019 1726 1196 1800 Ecclesia·
1246 1697 1382 1790 all‘lunt
1397 1695 1552 1813 ⁰¹00¹¹¹Pl³
1568 1695 1656 1813 vidi,
1681 1719 1762 1764 cum
1778 1695 1818 1780 is.
1844 1695 1907 1812 qui
1922 1693 2040 1784 lapsus
2055 1705 2126 1776 est,
2149 1687 2242 1806 redit

199 1855 301 1910 mm,
327 1827 398 1898 nisi
424 1839 539 1898 totum
558 1825 693 1902 librum
715 1827 983 1920 Augufflnm
1009 1829 1196 1917 gemm,
1247 1801 1292 1918 ad
1307 1793 1521 1914 Ecclesiam,
1546 1809 1581 1914 et
1605 1821 1675 1866 iam
1696 1797 1753 1865 vel
1772 1811 1918 1914 punitus
1940 1810 1992 1914 eit
2013 1817 2124 1912 poena
2149 1789 2241 1908 poli-

186 1933 246 2001 'de
279 1928 503 2002 invocatione
534 1944 777 2014 mortum-um,
816 1933 860 2000 de
894 1931 1194 2022 circumgespafio,
1247 1914 1314 1972 tica
1326 1954 1343 2018 ,ι
1372 1899 1429 1966 vel
1463 1897 1535 2015 alip
1561 1911 1654 1968 iusto
1681 1900 1788 2016 modo
1814 1897 1982 2016 satisfecit
2011 1906 2242 2011 magistratui.

199 2037 265 2118 ne,
300 2045 365 2102 etc.
398 2031 684 2124 approbabimus,
734 2027 783 2102 Εῑ
811 2045 933 2104 nost„
966 2034 1194 2121 deliberatio,
1247 1996 1458 2072 Audiuntur
1491 2023 1567 2068 eius
1593 1999 1785 2084 consessio,
1821 2013 1961 2090 petitio,
1994 2009 2029 2066 et
2055 2017 2241 2088 promissio

199 2127 360 2206 nihileis
382 2132 549 2224 largitur,
574 2133 605 2204 ,i
620 2135 812 2206 defendent
827 2135 915 2206 ηις,
928 2135 1071 2212 ,guma
1248 2101 1515 2174 emendationis.
1565 2095 1709 2218 Deinde
1723 2101 1863 2192 publice
1878 2101 1917 2168 in
1934 2099 2103 2218 censione
2120 2120 2244 2164 narra-

209 2235 214 2258 ³
1248 2219 1308 2276 tur
1330 2202 1481 2294 populo,
1502 2202 1608 2272 talem
1634 2203 1751 2272 redire
1771 2203 1816 2271 ad
1833 2197 2046 2284 Ecclesiam,
2071 2212 2104 2268 et
2126 2211 2242 2288 petere

1249 2307 1407 2388 veniam,
1433 2305 1529 2396 quod
1551 2301 1739 2374 offenderit
1758 2299 1893 2390 Deum,
1919 2319 1954 2373 et
1975 2297 2186 2382 Ecclesiam,
2211 2309 2245 2366 et

1249 2408 1332 2500 quia
1362 2405 1545 2497 promittat
1570 2405 1871 2492 emendationem,
1898 2403 1970 2474 iam
1993 2427 2073 2472 euin
2102 2399 2244 2493 publice

299 2263 354 2338 De
376 2265 496 2338 Coena
517 2263 682 2351 Domini,
706 2267 859 2338 diximus
882 2284 1024 2361 aperte,
1049 2282 1084 2340 et
1105 2293 1197 2340 sem-

201 2392 266 2464 per
290 2369 422 2440 dicturi
448 2391 587 2454 sumus,
613 2369 677 2438 etsi
699 2369 847 2454 scimus,
870 2394 977 2464 quam
1000 2371 1137 2441 duriter
1160 2372 1196 2438 id

200 2497 223 2544 a
245 2471 367 2543 multis
391 2467 600 2560 accipiatur,
625 2470 745 2540 nullos
770 2470 860 2540 ritus
886 2484 982 2542 extra
1004 2495 1126 2562 usum,
1153 2473 1197 2540 ad
1249 2507 1494 2599 recipiendum
1513 2529 1597 2575 esse·

201 2597 308 2691 quein
332 2571 488 2690 instituti
512 2585 613 2690 sunt,
645 2569 873 2690 Sacramenta
896 2595 980 2692 esse.
1039 2573 1109 2692 Sed
1135 2599 1198 2642 ΝΠ
1350 2605 1399 2680 Et
1431 2609 1474 2676 de
1501 2630 1628 2697 genere
1654 2603 1774 2676 delicti
1808 2603 2098 2675 commonefactio
2126 2601 2246 2696 aliqua

200 2676 346 2746 brevius
361 2697 401 2742 in
418 2673 671 2746 deliberatione
689 2674 762 2759 illa,
782 2675 825 2742 de
839 2698 879 2743 eo
896 2675 1046 2746 articulo
1062 2676 1196 2746 dictum
1250 2711 1394 2781 additur

203 2776 267 2860 sit,
300 2769 387 2845 haec
415 2798 534 2844 caussa
556 2789 624 2860 est,
658 2776 740 2867 quia
765 2776 870 2845 etiam
893 2771 954 2863 hi,
984 2777 1048 2870 qui
1072 2777 1198 2847 volunt
1395 2761 1405 2782 ⁶

201 2874 317 2948 videri
332 2901 415 2969 ‘non
436 2875 545 2946 alieni
567 2899 587 2946 a
609 2877 739 2946 uostris
760 2873 945 2963 Ecclesiis,
970 2879 1100 2952 nolunt
1122 2903 1197 2948 eam

204 2977 480 3072 disputationem
493 2978 640 3062 moveri,
666 2991 701 3048 et
713 2977 851 3048 vicinus
865 2977 1036 3069 Margites
1047 2972 1085 3076 ⁴)
1098 3005 1198 3072 saepe

203 3083 275 3151 iam
302 3081 425 3150 acerbe
446 3079 684 3150 calumniatus*
704 3093 755 3151 est
775 3075 1086 3171 reprehensionem
1109 3107 1199 3176 quo-

203 3181 357 3253 rundam
382 3205 458 3252 non
486 3181 619 3250 levium
647 3181 823 3251 abusuum
844 3180 1075 3254 sacramenti.

204 3283 325 3355 mitius
348 3283 391 3352 de
407 3282 511 3352 nobis
533 3282 710 3376 loquitur,
738 3307 845 3376 quain
861 3286 956 3376 apud
972 3282 1016 3358 D.
1031 3283 1198 3358 Iacobum

203 3387 249 3455 de
269 3397 385 3456 vestra
404 3381 562 3456 Ecclesia
584 3384 729 3478 quidam
751 3385 886 3456 aulicus
899 3381 1078 3480 Augustae
1099 3387 1199 3459 locu·

203 3501 261 3562 tus
276 3499 339 3560 est.

1456 2705 1505 2780 Et
1536 2709 1680 2780 iubetur
1711 2707 1866 2801 populus
1893 2705 2048 2800 precari,
2083 2717 2123 2774 ut
2147 2699 2246 2772 Deus

1249 2813 1387 2902 mitiget
1409 2834 1550 2902 poenas.
1600 2807 1726 2879 Postea
1744 2813 1787 2879 ad
1813 2831 1909 2877 aram
1926 2807 2069 2900 publice
2091 2805 2247 2874 interro·
2306 2815 2307 2818 ’

1250 2928 1308 3004 gat
1333 2913 1459 2983 Pastor
1482 2907 1579 2982 liunc
1604 2911 1762 3002 lapsum,
1791 2935 1837 2980 an
1865 2924 1959 3002 petat
1984 2907 2247 2979 absolutionem
2306 2991 2307 2996 ἵ

1250 3017 1359 3094 serio,
1384 3030 1418 3085 et
1434 3038 1479 3082 an
1496 3012 1678 3106 promittat
1693 3011 1988 3095 emendationem,
2015 3023 2049 3080 et
2065 3033 2110 3078 aii
2126 3007 2248 3076 eredat

1250 3117 1478 3189 absolutioni.
1535 3111 1697 3208 Cumque
1730 3115 1883 3186 affirmat
1908 3113 2045 3202 lapsus,
2084 3109 2248 3202 sequitui·

1126 3179 1198 3253 Nec
1250 3221 1368 3292 brevis
1385 3217 1526 3311 querela
1542 3219 1585 3286 de
1600 3217 1740 3302 delicto,
1763 3217 1859 3310 quod
1874 3227 1909 3284 el
1922 3212 2049 3298 Deum,
2072 3225 2105 3282 el
2119 3207 2248 3280 Efflss·

1250 3322 1338 3392 siam
1356 3319 1563 3406 offenderit,
1587 3331 1620 3389 et
1636 3332 1828 3390 narrantur
1844 3315 2135 3387 comminationes
2152 3309 2249 3380 divi-

1250 3449 1317 3493 nae
1333 3425 1377 3492 de
1395 3445 1518 3512 poene.
1569 3420 1707 3491 Deinde
1723 3420 1866 3490 additur
1881 3417 2042 3490 doctriua
2059 3419 2102 3485 de
2120 3413 2250 3484 remis·

1251 3525 1368 3608 sione,
1392 3539 1426 3595 et
1440 3525 1485 3592 de
1498 3521 1719 3612 mitigatione
1736 3543 1940 3612 poenarum.
1992 3515 2046 3588 Ac
2066 3528 2248 3608 postremo

304 3617 481 3694 Duximus
514 3635 549 3692 et
582 3617 652 3692 hoc
685 3621 787 3694 vobis
818 3623 1087 3713 significandum
1115 3645 1199 3708 esse,
1250 3627 1464 3719 pronunciat
1478 3625 1583 3694 verba
1600 3623 1849 3694 absolutionis:
1875 3611 2118 3715 EgePastor,
2133 3613 2248 3686 iuxta

182 3723 292 3816 ¹quid
307 3721 592 3814 responderimus
609 3722 670 3808 iis,
697 3726 760 3818 qui
783 3727 925 3796 anobis
942 3726 1131 3796 consilium
1154 3727 1199 3794 de
1250 3723 1471 3798 mundatum
1493 3719 1581 3818 filii
1603 3720 1697 3810 Dei,
1726 3720 1892 3820 Quorum
1928 3718 2160 3804 remiseritis,
2187 3723 2250 3786 etc.

185 3827 297 3918 ¹libro
314 3825 528 3916 petiverunt.
578 3819 640 3897 Ad
659 3849 870 3896 omuesuno
888 3841 922 3897 et
944 3829 1067 3898 eodem
1091 3827 1197 3898 modo
1251 3831 1393 3900 remitto
1407 3826 1479 3898 tibi
1488 3837 1636 3924 peccato
1649 3835 1796 3923 propter
1799 3821 1930 3918 fitium
1943 3819 2031 3906 Dei,
2046 3829 2078 3890 et
2094 3833 2250 3890 unriiirt·¹

203 3927 424 4017 scripsimus,
449 3951 489 3998 ac
504 3927 695 4014 suasimus,
714 3925 932 3999 utPastores
949 3953 1048 3999 suam
1064 3929 1200 3998 delibe-
1251 3930 1306 4002 cio
1328 3930 1400 4001 tibi
1420 3953 1534 4000 uocem
1560 3925 1782 4023 Evangelii,
1816 3951 1912 4025 quae
1935 3919 2108 4024 affirmet
2132 3919 2249 3998 ueris-1

202 4029 379 4100 rationem
398 4027 546 4098 omnino
563 4029 766 4121 seiungant,
789 4054 808 4100 a
828 4031 1085 4101 deliberatione
1106 4031 1198 4122 poli·
1249 4031 1340 4105 sime
1357 4030 1495 4102 remitti
1508 4039 1674 4129 peccata,
1697 4039 1845 4128 propter
1854 4023 1987 4122 filium
2002 4022 2098 4110 Dei,
2123 4019 2250 4094 emni-

203 4131 356 4204 ticorum
375 4130 670 4218 gubernatorum,
695 4145 731 4203 et
753 4135 990 4224 respondeant
1013 4133 1138 4224 plane,
1164 4147 1198 4204 et
1250 4134 1319 4206 bus
1337 4131 1539 4232 petentibus
1563 4141 1594 4202 et
1612 4127 1836 4203 credentibus
1854 4131 1893 4200 in
1905 4125 2036 4224 filium
2052 4119 2140 4198 Dei.
2196 4119 2257 4194 ln·

203 4231 406 4325 perspicue,
440 4253 478 4302 se
510 4255 733 4326 nequaquam
766 4248 962 4304 mutaturos
988 4258 1062 4304 esse
1086 4257 1197 4324 genus
1250 4236 1395 4309 nomine
1428 4229 1574 4316 Patris,
1623 4243 1654 4304 et
1689 4228 1807 4322 Filii,
1858 4241 1890 4304 et
1918 4229 2084 4330 Spiritus
2111 4221 2249 4300 suncti.

204 4333 403 4418 doctrinae,
434 4333 530 4426 quod
550 4333 589 4401 in
612 4333 744 4403 nostris
766 4329 933 4405 Ecclesiis
955 4350 1075 4418 sonat,
1103 4351 1138 4408 et
1160 4361 1198 4407 se
1252 4343 1311 4417 10.
1331 4337 1504 4432 Augusti,
1532 4333 1640 4409 1648.
1658 4329 1719 4437 ”)

203 4435 348 4528 quidem
361 4459 436 4504 non
451 4435 605 4526 recipere
619 4435 771 4522 librum,
797 4435 879 4530 quia
898 4439 1010 4528 nostri
1023 4438 1131 4508 officii
1146 4451 1198 4510 est

204 4535 421 4635 intelligere,
444 4550 478 4608 et
497 4537 609 4608 vitare
626 4537 853 4630 corruptelas.

303 4664 434 4740 Sinaut
449 4680 565 4737 autem
579 4668 744 4764 politicos
760 4670 1022 4759 gubernatores,
1044 4695 1196 4764 quorum
1249 4697 1316 4768 No·
1333 4695 1447 4768 4520·
1936 4695 2015 4776 (sm
2034 4692 2095 4758 ho,
2116 4689 2233 4775 ¹de

204 4771 310 4842 multi
338 4768 518 4840 doctrinae
547 4769 661 4840 sontes
683 4769 866 4859 ignorant,
899 4771 1003 4842 multi
1032 4776 1196 4858 oderunt,
1257 4791 1430 4824 *νυ
1924 4785 2250 4834 Q

203 4873 418 4965 respondere
445 4867 672 4962 Imperatori,
706 4885 747 4941 ut
767 4873 904 4942 volunt.
956 4871 1007 4943 lta
1033 4871 1196 4944 Pastores
1541 4877 1592 4966 a·
1621 4849 1947 4964 Βαοῇᾗρῐχρφο,
2036 4917 2056 4932 ..

178 4975 368 5068 ,perieulis
399 4989 482 5042 suae
509 4971 743 5043 conscientiae
766 4973 982 5058 liberantur,
1014 4989 1049 5047 et
1077 4976 1196 5048 minus
2028 4987 2035 4997 '

99 5173 110 5190 .
202 5079 243 5150 lit
264 5075 503 5146 mutationum
524 5073 563 5144 in
580 5069 757 5156 Ecclesia,
781 5089 816 5147 et
831 5099 896 5158 uos
911 5071 1005 5146 nihil
1021 5079 1196 5168 seditiose,
1350 5041 1448 5099 ΜΝ
1461 5041 1563 5116 tamg.
1580 5041 1672 5115 ΜΒ,
1683 5057 1727 5112 'l'

1246 5183 1475 5200 m

198 5263 426 5280 m

1138 5315 1142 5324 ,
1282 5289 1312 5357 *)
1331 5287 1399 5345 Cod.
1418 5255 1499 5345 titan.
1516 5289 1560 5343 66.
1576 5295 1702 5357 peceato.

232 5375 264 5442 ⁸)
282 5367 373 5436 Petet
395 5371 511 5439 ,uuam
528 5367 675 5438 neap..
1281 5373 1587 5449 *uenationem
1608 5372 1685 5427 isis.
