4616 5812
54 253 116 334 sn
239 245 244 254 ’
353 335 364 348 ,
589 239 1020 324 uersronanuu
1067 231 1271 314 nram
1322 231 1456 314 sacr.
2001 235 2077 312 aar

53 433 207 496 mentum.
257 415 343 492 iden
363 419 601 492 ammaum
622 419 825 514 putarimus
840 413 943 491 Ἠ).
956 411 1027 487 n'n·
1078 423 1151 482 stra
1167 409 1316 482 consilia
1334 421 1369 484 et
1383 409 1539 482 actiones
1553 411 1599 482 ad
1615 409 1675 482 sni
1696 407 2026 502 nominis·gloriarn
2040 421 2075 478 ct

51 541 141 600 mam
153 523 361 594 senteutiam
376 543 567 614 exponere,
584 537 619 596 et
631 535 783 594 vestram
797 541 904 612 super
912 515 1027 592 Adia-
1076 509 1256 586 Ecclesiae
1271 536 1353 584 suae
1367 513 1538 598 salntem,
1559 509 1688 584 Arnen.

50 623 184 720 phoricis
204 623 462 700 mutationibus
487 625 630 712 andire,
656 623 864 716 animosque
884 635 1025 692 nostros
1178 613 1283 686 Nunc
1306 637 1519 701 ver0,·enm
1541 615 1698 686 fortassis
1723 614 1801 686 sitis
1822 611 2084 714 occupatiores·

49 726 209 822 inquoris
223 725 382 818 periculis
397 739 515 800 vestm
533 726 667 796 iudicio
676 749 718 796 eo
727 725 882 794 validius
897 725 1026 794 adver·
1077 739 1184 810 quam
1197 730 1239 788 ut
1256 717 1440 809 publicum
1458 717 1627 808 scriptum
1644 716 1748 786 brevis
1760 717 1944 788 absolvere
1959 715 2075 812 pussi-

49 853 97 902 sus
118 829 291 922 quoslibet
318 842 490 912 terrores,
525 827 779 921 trepidationes
790 839 838 898 'et
867 824 1025 918 pericula
1078 819 1141 904 tis,
1166 843 1247 889 curn
1266 821 1304 889 id
1315 819 1515 912 plusculum
1531 817 1699 910 temporis
1715 821 1887 910 postulet,
1909 837 2075 910 rogamus

49 930 180 1007 munire,
286 983 289 993 .
1077 920 1227 1002 obnixe,
1256 919 1357 992 utin
1379 943 1517 992 summa
1542 914 1705 992 cumhoc
1732 921 1914 994 tabellario
1938 925 1983 992 ad
2008 939 2076 989 nns

1076 1035 1228 1093 vestram
1245 1023 1460 1095 'sententiam
1482 1022 1699 1106 rescribatis,
1723 1037 1756 1095 ct
1772 1024 1894 1116 paucis
1912 1021 2075 1094 indicetis

1077 1138 1235 1196 vestrum
1257 1125 1304 1195 de
1322 1139 1444 1196 nostra
1466 1125 1640 1196 sententia
1670 1123 1855 1200 iudicium.
1903 1123 2076 1200 Rectissi-

1076 1249 1134 1296 me
1149 1227 1291 1298 valeant
1305 1225 1352 1300 R.
1366 1225 1412 1301 D.
1426 1224 1470 1301 V.
1488 1227 1526 1296 in
1545 1223 1623 1296 Iesu
1637 1219 1803 1316 Christo,
1828 1225 1935 1299 unico
1951 1223 2074 1298 Eccle-

1076 1328 1147 1398 siae
1170 1341 1371 1419 protectore
1391 1341 1426 1400 et
1447 1327 1657 1414 liberatore,
1683 1329 1826 1400 sedente
1850 1342 1884 1398 et
1906 1344 2076 1420 regnante

1076 1431 1121 1500 ad
1138 1431 1317 1501 dexteram
1332 1430 1523 1500 maiestatis
1538 1427 1624 1516 Dei,
1650 1430 1708 1501 cui
1727 1453 1790 1500 sua
1806 1426 1963 1503 Ecclesia
1986 1455 2079 1505 sem-

1076 1555 1139 1624 per
1154 1555 1257 1603 curae
1269 1532 1358 1620 tuit,
1372 1545 1408 1604 et
1424 1555 1537 1627 usque
1551 1534 1597 1604 ad
1611 1531 1720 1602 seculi
1733 1535 2078 1606 consummationem

1075 1657 1214 1728 semper
1231 1645 1336 1708 c'urac
1355 1633 1434 1708 erit·

130 1075 219 1151 Cum
240 1077 376 1173 ubique
387 1086 595 1172 spargatur,
619 1089 773 1148 vestram
794 1099 867 1147 csse
882 1087 1025 1146 senten-

47 1181 134 1261 tiam,
155 1193 195 1252 ut
213 1179 365 1252 servitus
385 1182 519 1252 seratur
533 1180 572 1250 in
589 1175 825 1272 Adiaphoris‚
849 1175 955 1251 etiam
977 1177 1024 1246 il-

46 1283 95 1367 lis,
121 1284 207 1376 'quae
230 1277 397 1354 Islebr‘ns
420 1295 455 1354 ct
480 1281 541 1352 alii
574 1283 698 1352 aulicis
731 1279 890 1352 conciliis
922 1279 1024 1366 ebrii,

47 1380 233 1475 hdiaphora
247 1399 397 1470 vocant,
423 1395 459 1454 ct
473 1383 603 1478 quibus
619 1397 784 1454 venustas
800 1383 919 1478 aliqua
936 1381 1023 1451 alle-

48 1485 146 1574 gorica
171 1485 292 1576 affingi
317 1499 450 1580 potest,
476 1498 516 1556 ut
538 1487 582 1556 ad
607 1485 760 1582 aliquem
777 1507 880 1556 usum
897 1483 936 1554 in
951 1479 1023 1554 Ec-

45 1587 130 1656 clesia
144 1589 403 1658 accommodari
415 1599 564 1682 queant,
584 1612 653 1682 qua
669 1601 743 1658 arte
760 1585 938 1682 quaelibet
953 1609 1022 1653 nu-

46 1710 95 1778 gae
111 1711 171 1780 pro
185 1684 405 1780 Adiaphoris
428 1689 573 1764 obtrudi
588 1702 750 1782 possent,
776 1713 856 1759 cum
880 1686 1021 1756 flexibi-

46 1789 101 1857 lem
126 1789 220 1858 illam
252 1790 479 1876 sententiam,
513 1793 719 1863 servitutem
742 1791 781 1860 in
803 1784 1022 1882 Adiaphoris

46 1885 203 1962 ferendam
227 1915 323 1977 esse,
361 1893 467 1963 multi
489 1891 644 1986 improbi
668 1905 858 1984 usurpent:
892 1891 1022 1960 iterum
1562 1933 1605 2007 B·

47 2013 164 2061 oramus
187 2016 241 2066 ve.
255 1989 303 2067 R.
317 1989 359 2068 P.
380 2017 446 2086 per
465 1993 614 2086 gloriam
637 1989 771 2065 Christi
793 1991 875 2064 Iesu
896 2005 930 2063 ct
951 1987 1021 2061 Ec·
1232 2063 1240 2076 ,
1418 2063 1427 2078 ,
1622 2063 1629 2078 ,
1842 2065 1851 2080 ,

47 2093 150 2162 clesiae
175 2093 344 2179 salutem,
375 2107 417 2167 ut
448 2117 511 2165 vos
542 2095 580 2164 in
613 2091 679 2166 hac
711 2093 951 2166 controversia
977 2093 1021 2162 de
1144 2061 2077 2204 (sffl'‚‘52¹’{⁰⁸4¹31¹ffi;³‚¹2⁵1⁰,2⁸¹⁶¹¹²³{4ffJ‘22'ssmfl02‘J'ff

47 2189 240 2288 hdiaphoris
263 2195 626 2267 dilucide'declaretis
645 2197 742 2268 edito
760 2197 909 2290 script03
935 2195 1021 2264 alias
1178 2222 1221 2274 er·
1237 2197 1282 2286 ⁷⁹:
1297 2213 1323 2258 et
1345 2201 1374 2284 in
1396 2201 1525 2256 Constitu
1546 2133 1750 2273 latinis,21i'th
1766 2219 1794 2276 r·
1808 2205 1851 2260 88·
1886 2201 2076 2278 apographon

1177 2271 1345 2328 consulamus
1357 2289 1386 2326 ru
1400 2272 1462 2326 cod.
1475 2267 1545 2328 But·
1558 2267 1593 2327 ll.
1607 2289 1635 2346 p.
1646 2269 1719 2339 tta.)

1467 1791 1687 1812 Μ

46 2293 91 2362 illa
105 2297 292 2382 sententia,
316 2298 521 2370 servitutem
544 2298 583 2366 in
596 2292 815 2391 Adiaphoris
837 2297 1020 2368 serendam

48 2415 119 2480 esse,
148 2397 290 2468 infinita
312 2393 497 2470 schismata
520 2400 703 2471 suscitabit
726 2413 761 2472 et
781 2399 901 2494 plures
916 2398 1021 2469 dissi·
1147 2423 1370 2502 pastoribus
1386 2425 1890 2527 5⁶⁶135500H0mburgmps
1913 2431 1939 2506 s
1964 2427 1998 2506 ῃ

47 2497 125 2586 pabit
155 2496 332 2570 Ecclesiae
372 2523 480 2595 quam
509 2501 793 2574 adversariorum
825 2525 923 2572 arma
956 2501 1020 2570 de·
1939 2486 1949 2508 ⁰
2000 2483 2009 2508 ⁸

46 2609 169 2673 aberant.
228 2599 273 2670 ln
297 2625 362 2670 vos
388 2603 550 2673 conversi
573 2617 656 2676 sunt
681 2603 844 2676 omnium
867 2603 962 2673 oculi
987 2613 1021 2672 et

45 2700 151 2785 animi,
172 2723 198 2770 a·
207 2693 336 2772 vestris
358 2703 501 2774 indiciis
524 2707 617 2774 bona
641 2729 722 2798 pars
737 2699 932 2778 Christiani
958 2727 1020 2774 or-

45 2799 85 2869 bis
100 2803 242 2892 pendet,
265 2805 398 2896 quibus
420 2807 499 2898 plus
521 2805 604 2876 fidei
625 2801 778 2892 habent,
801 2831 907 2901 quam
931 2805 1019 2876 aliis.

45 2895 109 2970 lieo
130 2905 317 2974 deserendi
338 2929 413 2975 non
439 2921 522 2978 sunt
542 2891 655 3000 pit'tn
677 2905 961 2980 dubitationibus
985 2921 1020 2978 et

45 3003 251 3076 consiliorum
279 3007 562 3084 'variationibus
621 3005 788 3080 Extrema
821 3010 1019 3090 necessitas,

44 3097 96 3170 Dei
107 3107 232 3194 gloria,
258 3104 440 3179 Ecclesiae
456 3112 579 3195 salus,
595 3112 745 3206 requirit
765 3136 784 3182 a
801 3111 903 3182 vobis
925 3111 1020 3180 eitte-

45 3207 120 3274 nodi
133 3209 417 3299 explicationem.
468 3209 629 3282 Pericula
644 3228 784 3284 nostrae
800 3213 966 3303 religioni
984 3225 1018 3283 et

44 3307 174 3379 veritatis
196 3311 415 3380 confessioni
440 3312 648 3400 coniuncta,
680 3339 746 3386 nec
767 3314 927 3398 silentio,
953 3337 1019 3383 nec

44 3405 109 3476 ullis
126 3411 325 3482 rationibus
349 3407 515 3484 humanis
528 3415 700 3488 declinari
718 3429 878 3508 possunt.
929 3411 1018 3486 Evi-

44 3511 121 3578 tsndi
144 3513 296 3606 periculi
322 3535 426 3584 cansa
452 3523 628 3602 nonest,
662 3532 703 3590 ut
728 3519 913 3612 omittatur
938 3517 1018 3586 offi-

44 3607 132 3692 ciunt,
170 3616 270 3708 quod
302 3611 472 3686 Ecclesiis
512 3616 656 3692 debetis.
722 3615 807 3692 Sive
840 3620 1017 3703 sileamus,

43 3709 312 3808 inlustremur,
335 3719 547 3788 adversariis
564 3720 658 3788 idem
682 3735 752 3806 est,
775 3721 844 3790 nisi
866 3719 1016 3791 omnino

42 3809 208 3904 abnegetur
230 3841 316 3887 vera
339 3841 380 3888 ac
399 3843 486 3910 pura
501 3821 662 3893 doctrina
675 3817 810 3892 Christi
833 3835 869 3894 ct
895 3822 1015 3892 omnia

41 3905 188 4006 Papistica
204 3917 468 4011 approbentur,
493 3922 593 3994 nulla
615 3924 882 4018 tranquillitatis
899 3936 933 3996 et
953 3947 1017 4014 pa-

42 4011 79 4080 cis
89 4019 237 4089 conditio
254 4021 479 4113 propabitur.

1073 2553 1282 2637 Reverendi
1307 2563 1377 2632 riri
1400 2575 1436 2634 et
1458 2565 1564 2634 amici
1590 2567 1707 2640 carias.
1759 2565 1841 2637 Non
1866 2587 1969 2657 aegre
1988 2565 2075 2636 ieri-

1073 2691 1172 2757 mus,
1200 2687 1266 2736 nos
1290 2677 1452 2735 amanter
1477 2689 1498 2736 a
1519 2662 1621 2736 vohis
1643 2671 1698 2738 vel
1719 2669 1858 2740 moneri
1874 2669 1931 2739 vel
1953 2691 2099 2762 repre-¹

1072 2765 1193 2842 hendi.
1252 2765 1346 2838 Sunt
1379 2767 1473 2836 enim
1506 2779 1541 2838 et
1571 2763 1657 2840 hacc
1690 2770 1804 2841 officia
1837 2771 1876 2841 iu
1907 2771 2074 2849 amicitia,

1072 2869 1277 2964 praesertim
1291 2868 1330 2936 in
1339 2863 1516 2956 Ecclesia,
1531 2873 1737 2946 necessaria.
1772 2871 1843 2944 Sed
1858 2887 1976 2944 tamen
1992 2895 2075 2941 ora·

1071 2995 1152 3044 mus
1171 2993 1252 3053 vos,
1278 2969 1377 3040 utin
1399 2971 1612 3058 iudicando,
1644 2997 1709 3064 pro
1734 2987 1848 3047 vestra
1872 2975 2074 3066 prudentia,

1072 3073 1259 3164 gravitate,
1284 3083 1318 3143 ct
1332 3093 1412 3162 erga
1429 3093 1495 3142 nos
1509 3073 1774 3160 benevolentia,
1798 3079 1989 3147 candorem
2006 3078 2072 3144 ad—

1072 3173 1241 3260 hibeatis,
1265 3197 1329 3242 nec
1350 3185 1484 3243 veteres
1504 3177 1652 3260 amicos,
1680 3179 1743 3271 qui
1767 3179 1920 3270 amplius
1943 3177 2072 3268 viginti

1071 3300 1185 3348 annos
1205 3296 1352 3363 magnos
1375 3275 1514 3346 labores
1528 3289 1562 3348 et
1578 3279 1674 3348 varia
1689 3282 1880 3350 certamina
1899 3281 2073 3350 sustinni-

1070 3404 1169 3463 mus,
1199 3389 1233 3447 et
1259 3371 1375 3446 adhuc
1398 3377 1632 3466 sustinemus,
1666 3381 1861 3469 damnetis,
1892 3383 1983 3456 sicut
2010 3381 2073 3452 alii

1071 3479 1236 3575 quidam,
1272 3479 1333 3572 qui
1359 3477 1458 3548 salsis
1490 3481 1801 3554 criminationibus
1833 3487 1972 3554 rabiose
2004 3505 2072 3552 nos

1071 3584 1306 3652 insectantur:
1357 3579 1489 3672 quibus
1529 3581 1610 3651 ideo
1646 3607 1720 3653 non
1753 3581 2072 3677 respondemus²),

1070 3709 1116 3754 ne
1141 3697 1213 3753 tam
1241 3681 1333 3752 tristi
1359 3693 1519 3774 tempore
1540 3685 1621 3752 odia
1645 3697 1679 3754 et
1703 3685 1848 3757 dissidia
1876 3687 1985 3777 magis
2012 3686 2071 3756 in-

1069 3787 1307 3854 flammentur.
1365 3781 1525 3853 Primum
1557 3795 1675 3854 autem
1696 3773 1798 3857 vohis
1821 3789 2072 3880 significamus,

1068 3885 1135 3958 Dei
1159 3886 1350 3968 beneficio,
1373 3907 1493 3954 vocem
1516 3887 1706 3956 doctrinae
1721 3889 1867 3960 candem
1890 3892 1928 3960 in
1944 3885 2071 3960 Eccle-

1068 3989 1130 4059 siis
1151 3987 1281 4057 nostris
1304 3999 1338 4056 et
1353 3981 1556 4056 Academiis
1580 4011 1727 4074 sonare,
1754 4015 1859 4084 quam
1882 4007 1933 4065 tot
1954 4015 2070 4062 anno-

327 4171 337 4189 ·
1067 4113 1147 4160 rum
1182 4109 1356 4158 consensu
1389 4089 1573 4157 vobiscum
1608 4091 1834 4181 profitemur,
1889 4110 1923 4166 et
1962 4117 2069 4188 quam

119 4167 264 4244 Ffflffl
288 4171 436 4244 abunde
454 4197 561 4268 qm
584 4171 695 4246 ³D00
710 4177 816 4248 nobit
837 4176 1017 4270 Profflilli·
1067 4215 1164 4260 nrmc
1188 4191 1226 4258 in
1243 4201 1355 4259 vestra
1377 4189 1854 4284 confessionepropuguatis.
1905 4194 2069 4288 Cumque

40 4285 108 4385 Μ,
118 4293 236 4362 pacem
259 4295 301 4342 ³⁶
325 4275 580 4391 ‘iif‘flimnffi
637 4273 733 4346 H¹¹i⁶
755 4293 790 4350 ‘i
812 4303 877 4370 Ρθῑ·
898 4277 1014 4348 stium
1066 4293 1217 4364 sciamus
1239 4286 1332 4360 hanc
1357 4292 1556 4362 doctrinam
1583 4311 1766 4364 aeternum
1792 4293 1861 4365 Dei
1887 4301 2067 4368 decretum

41 4361 197 4490 mimium
208 4368 388 4444 Esstlfflss
401 4390 560 4460 ¹1⁰⁸lr³³2
582 4401 667 4462 ¹¹⁰⁸,
693 4393 879 4474 vetitaque
893 4381 1012 4450 ⁰¹¹¹¹¹ist
1067 4419 1157 4479 esse,
1172 4405 1206 4463 ct
1223 4405 1427 4486 perpetuam
1444 4417 1548 4463 verae
1564 4391 1744 4466 Ecclesiae
1758 4400 1988 4484 sententiam,
2006 4399 2066 4468 ni·

41 4487 296 4588 ⁸⁰¹¹¹¹f¹¹¹i²¹¹¹¹¹³s
319 4499 403 4546 Μ
424 4477 639 4550 immutet
660 4478 698 4549 5¹¹
719 4475 777 4552 1¹5⁸
791 4481 939 4552 tummiss
955 4505 1016 4549 ⁰¹·
1066 4489 1119 4564 hil
1135 4497 1173 4564 in
1191 4519 1231 4566 ea
1250 4517 1408 4587 unquam
1423 4496 1593 4564 mutaturi
1610 4519 1750 4583 sumus,
1769 4521 1809 4570 ac
1822 4521 1868 4570 ne
1883 4501 1970 4595 quid
1984 4523 2068 4570 mu-

41 4579 203 4689 ¹¹⁸¹¹¹J⁸¹l¹¹⁸
237 4576 426 4668 periculi&
458 4578 727 4652 difficulfflibffi
748 4595 782 4651 ⁸1
803 4583 1012 4654 calamitati·
1066 4611 1200 4668 taretur
1219 4599 1259 4666 in
1273 4597 1435 4666 doctrina
1455 4611 1489 4666 ct
1505 4595 1685 4688 Liturgia,
1710 4601 1901 4672 acerrimae
1914 4617 2064 4675 conten-

41 4665 549 4796 b¹¹i¹¹¹V⁰cf¹¹¹¹1⁸¹¹²fffl⁸⁰⁵is
575 4703 787 4776 ⁰10¹¹¹¹¹⁸q110
805 4684 1013 4754 ardenlibtss
1065 4699 1180 4769 tiones
1214 4697 1319 4766 nobis
1346 4693 1415 4766 hoc
1444 4696 1522 4788 ipso
1554 4721 1649 4768 anno
1676 4725 1756 4772 cum
1782 4704 1962 4798 aliquibus
1985 4705 2068 4773 fue·

43 4786 128 4858 '0082
149 4791 188 4848 1¹1
209 4777 489 4852 ¹sst⁰luffl¹¹³iem
511 4777 690 4852 Eetlffliflfl
714 4807 814 4868 ⁵⁰³⁰,
830 4809 945 4877 quam
968 4785 1014 4852 ab
1065 4815 1168 4883 runt,
1193 4801 1253 4892 qui
1269 4799 1441 4887 ingeniis,
1466 4798 1667 4870 eruditione
1681 4817 1718 4874 et
1732 4808 1920 4877 autoritate
1943 4807 1982 4874 in
2007 4799 2064 4874 his

44 4867 123 4944 initio
134 4879 259 4949 mundi
272 4880 339 4948 sub
354 4881 462 4952 variis
474 4883 777 4974 persecutionibus
794 4887 862 4956 sibi
876 4889 1014 4976 semper
1064 4903 1270 4992 regionibus
1295 4899 1482 4970 excellunt.
1541 4896 1649 4989 Quod
1678 4929 1758 4974 cum
1781 4907 1828 4976 ira
1851 4907 1914 4991 sit,
1942 4917 2063 4978 amnt
2112 4965 2117 4976 ,

46 4973 178 5066 collegit,
203 4979 364 5052 defendit
386 4983 613 5066 observavit,
641 4985 747 5054 eiiam
770 4987 926 5058 nuncin
947 5009 1013 5078 P0·
1064 5027 1137 5072 non
1165 5004 1313 5071 obscura
1341 4999 1542 5072 testimonia
1568 5017 1710 5075 nostrae
1734 5007 1984 5094 confessionis,
2021 5031 2063 5080 ac

46 5081 155 5148 strenis
174 5075 230 5150 his
254 5082 479 5154 tenebrarum
500 5085 665 5177 procellis
689 5090 880 5174 custodiat,
911 5103 1011 5160 tuea-
1062 5105 1247 5198 aliquanto
1264 5103 1397 5173 maiora
1418 5101 1500 5174 odia
1525 5116 1559 5174 et
1579 5107 1735 5196 pericula
1751 5107 1913 5180 subimus
1935 5109 1977 5182 in
1995 5108 2060 5180 tali

46 5185 89 5240 tor
107 5191 134 5248 et
155 5197 266 5252 servet
287 5197 386 5274 pater
401 5186 578 5270 coelestis,
603 5200 749 5279 propter
772 5191 1009 5272 suumlilium

47 5275 236 5364 unigenitum
268 5281 383 5354 lesum
410 5281 611 5372 Christum,
646 5288 710 5382 qui
738 5292 831 5362 adsit
855 5293 956 5364 vobis
977 5304 1011 5360 rt

49 5375 127 5448 uobis
140 5383 299 5458 omnibus
313 5383 452 5482 Spiritu
475 5401 539 5461 suo
559 5403 700 5477 baucio,
724 5393 922 5487 diligatque
941 5415 1010 5466 110-
1124 5421 1336 5498 rrspondrmus.
1370 5415 1454 5472 Penc.
1468 5417 1596 5470 nondam
1609 5421 1822 5484 responderam.

1098 5349 1124 5417 1)
1142 5362 1201 5397 non
1215 5350 1418 5411 respondemus
1431 5353 1494 5400 test.
1509 5343 1589 5416 prim.
1606 5351 1633 5398 et
1646 5347 1707 5402 cod.
1722 5345 1786 5408 liar.
1822 5349 1910 5410 Petel.
1930 5357 2057 5408 numum
