4654 5816
221 237 299 322 587

224 412 371 490 Erimus
385 409 493 504 igitur
508 430 613 481 curae
624 401 724 492 Deo,
738 402 793 474 illi
811 401 880 496 ipsi
894 397 1072 471 conditori
1086 421 1217 483 rerum

226 519 289 614 qui
311 541 348 588 se
369 513 532 608 patefecit
554 511 662 580 misso
684 507 779 588 lilio,
810 526 877 574 nos
904 522 1064 596 meoque,
1094 502 1156 594 qui
1183 513 1218 570 et

226 635 308 694 tuae
322 637 431 686 venae
447 615 527 684 lons
541 625 576 684 et
590 625 713 684 auctor
728 620 790 682 est.
834 603 976 676 Mutavi
995 603 1218 686 vocabulum,

227 715 401 814 Magno,
424 737 465 786 ac
478 712 589 784 malui
605 737 662 782 me
680 719 782 780 tuam
800 707 888 792 dici,
914 728 1018 798 quarn
1033 703 1219 794 Magnum.

227 815 278 898 Et
289 835 382 892 certe
396 841 474 888 sum
491 831 572 886 tuus
589 829 623 884 et
638 837 699 883 ero
716 833 871 902 semper,
886 819 921 877 et
935 805 1085 874 serviam
1094 801 1220 874 Eccle-

229 926 301 997 siae
317 919 385 992 Dei
400 919 440 988 in
452 915 686 1008 explicatione
701 912 882 982 doctrinae
901 907 1052 976 fideliter
1068 907 1222 976 ubicun-

229 1048 299 1120 que
315 1046 388 1094 ero.
438 1013 496 1088 Ad
518 1017 661 1107 nuptias
682 1015 775 1084 filiae
795 1004 938 1105 meae'¹)
953 1009 1093 1083 decrevi
1110 1021 1144 1078 te
1158 1031 1224 1076 vo-

230 1149 321 1198 care.
362 1120 467 1192 Nunc
481 1133 561 1190 tuae
577 1117 707 1187 filiolae
723 1115 825 1184 mitto
839 1109 995 1184 xenium.
1033 1107 1130 1180 Bene
1147 1107 1225 1180 vale

230 1242 265 1298 et
280 1223 442 1296 rescribe.
493 1218 638 1294 Calend·
652 1212 801 1312 Maii2).
976 1307 1166 1406 Philippus

233 1619 304 1694 No.
319 1615 433 1694 4710.

239 1711 414 1748 w
453 1770 752 1897 Sipismundo
780 1769 1001 1885 Arelatep.

238 1994 244 2013 ι
306 1923 381 1999 †Er
393 1939 489 1998 apogr.
504 1920 533 1974 in
548 1917 611 1975 cod.
623 1913 710 1970 Paris.
721 1913 759 1967 D.
774 1911 806 1968 L.
819 1913 853 1968 51
860 1914 880 1972 ³.

231 2061 512 2144 illustrissimo
552 2066 585 2128 et
623 2047 877 2129 Reverendiss.
919 2045 1092 2150 Principe'
1123 2045 1179 2120 Si
1182 2073 1236 2144 g-

242 2183 246 2188 '
324 2159 510 2250 mundo,
537 2151 817 2256 Archiepiscopo
842 2149 1153 2249 Meideburgensi.

85 2302 113 2328 ‘
239 2299 486 2390 Illustrissime
513 2307 548 2365 et
572 2289 883 2364 Reverendissime
903 2285 1085 2378 Princeps.
1144 2280 1237 2355 Cum

241 2409 284 2484 C.
295 2405 342 2480 V.
358 2417 394 2474 et
407 2396 584 2472 Ecclesias
598 2393 685 2461 velit
699 2404 840 2462 ornatas
857 2411 930 2459 csse
953 2388 1094 2457 idoneis
1114 2385 1238 2456 docto-

242 2512 365 2594 ribus,
395 2515 431 2574 et
451 2499 641 2570 clementer
669 2495 784 2562 faveat
804 2491 910 2561 bonis
931 2487 1103 2579 ingeniis,
1136 2509 1240 2578 prae-

244 2609 369 2684 sertim
388 2599 631 2674 subditorum:
658 2618 733 2664 non
747 2592 911 2664 dubitavi
933 2586 1029 2660 hunc
1043 2587 1139 2679 Mag.
1157 2583 1201 2660 V
1196 2612 1240 2656 a·

248 2705 428 2784 lentinum
448 2689 650 2793 Hcllte'm‘)
674 2693 991 2766 Lucavvnldensem
1014 2689 1056 2761 C.
1081 2687 1124 2758 V.
1143 2712 1240 2758 com-

246 2788 449 2892 ruendare,⁸
460 2825 565 2898 quem
581 2819 683 2892 spero
699 2795 780 2866 usui
797 2807 831 2864 et
845 2805 1053 2864 ornamento
1064 2785 1242 2860 Ecclesiae

247 2913 319 2989 Dei
332 2913 421 2984 lore.
460 2901 552 2976 Nam
570 2913 606 2972 et
620 2899 751 2982 latine,
776 2917 897 2986 graece
912 2907 947 2964 et
959 2887 1124 2963 hebraice
1140 2913 1243 2983 prae-

250 3018 344 3087 clare
357 3014 481 3083 doctus
499 3017 570 3088 est,
595 3014 630 3070 et
650 3001 690 3069 in
704 2993 896 3068 Academia
912 2993 1053 3087 Lipsica
1071 3004 1166 3062 recte
1187 2989 1243 3059 di-

250 3095 340 3189 dicit
365 3114 480 3182 lontes
512 3093 728 3206 [doctrinae]
763 3093 940 3169 Ecclesiae
971 3093 1062 3181 Dei,
1093 3115 1243 3186 cumque

251 3236 369 3290 mores
383 3211 454 3281 sint
465 3202 608 3278 honesti
621 3217 656 3274 et
669 3202 740 3293 pii,
763 3211 891 3269 natura
907 3197 1012 3268 etiam
1026 3194 1242 3266 moderatio·

252 3318 311 3388 nis
326 3328 361 3385 et
374 3303 641 3403 tranquillitatis
660 3323 782 3372 amans
800 3313 863 3373 est.
914 3297 990 3370 scit
1013 3309 1130 3368 autem
1145 3292 1186 3368 C.
1200 3291 1247 3363 V.

255 3429 429 3515 quantum
443 3411 571 3480 reserat
584 3406 623 3474 in
639 3401 806 3474 Ecclesiis
832 3421 904 3470 esse
924 3399 1011 3468 tales
1030 3399 1246 3488 ‘gubernato-

254 3544 331 3605 res,
351 3515 413 3610 qni
427 3526 462 3582 ct
477 3522 570 3580 recte
584 3509 734 3576 doceant
754 3515 790 3573 et
803 3513 922 3572 ament
937 3523 1079 3592 pacem,
1103 3521 1170 3567 nec
1190 3497 1249 3565 in-

256 3620 408 3694 utilibus
431 3613 518 3683 rixis
542 3607 722 3701 publicam
743 3601 971 3675 concordiam
1000 3614 1035 3672 ct
1059 3622 1181 3692 pacem
1210 3597 1248 3666 in

258 3723 329 3818 piis
351 3719 509 3791 turbant.
566 3707 710 3780 Utiliter
734 3707 842 3795 igitur
864 3703 1050 3774 consulent
1071 3699 1249 3794 principes

257 3819 458 3901 Ecclesiae,
490 3815 521 3884 si
540 3813 635 3880 bona
659 3823 693 3880 et
711 3809 868 3878 modesta
893 3803 1035 3892 ingenia
1059 3803 1190 3890 eligent
1210 3823 1250 3868 ac

260 3917 468 4018 provehent.
526 3909 619 3982 Orat
642 3923 758 3980 autem
782 3903 841 3976 hic
868 3899 1094 3979 Valentinus
1115 3892 1251 3970 Heltts

261 4033 464 4096 reverenter
487 4013 610 4085 studia·
625 4035 687 4080 sua
708 4009 844 4102 aliquot
861 4029 974 4076 annos
996 4005 1035 4072 in
1061 3999 1250 4073 Academia

263 4121 382 4197 iuvari
410 4117 529 4189 reditu
556 4110 744 4182 sacerdotii
773 4109 934 4179 alicuius.
991 4103 1116 4176 Postea
1141 4105 1254 4172 desert

242 4229 245 4236 ’
265 4247 408 4320 operam
423 4240 522 4290 suam
539 4211 717 4284 Ecclesiis.
765 4207 807 4286 C.
823 4207 869 4282 V.
890 4231 954 4277 oro
969 4207 1078 4297 igitur
1090 4227 1255 4274 reveren·

261 4345 339 4416 ter,
363 4337 404 4396 ut
421 4317 463 4392 C.
478 4315 522 4392 V.
543 4309 628 4383 huic
654 4309 845 4380 Valentino
867 4307 1056 4378 clementer
1078 4329 1182 4398 opem
1203 4305 1257 4373 fe-

266 4444 334 4504 rat.
382 4418 584 4513 Comperiet
597 4413 691 4483 enim
706 4407 747 4484 C.
763 4407 823 4493 V.‚
842 4403 911 4476 hoc
926 4409 1135 4478 beneficium
1149 4405 1187 4475 in
1201 4405 1257 4475 vi-

268 4553 350 4602 rum
372 4527 532 4598 doctum,
563 4517 764 4587 modestum
794 4523 829 4581 et
859 4509 1067 4578 concordiae
1095 4507 1257 4600 publicae

182 4621 186 4632 ’
247 4701 249 4704 ,
269 4639 447 4703 amantem
465 4619 641 4692 collocari.
691 4613 766 4686 Scit
781 4608 821 4686 C.
830 4607 874 4680 V.
887 4633 1008 4686 curam
1026 4609 1259 4681 conservandi

272 4726 455 4804 doctrinae
481 4720 596 4790 studia
618 4715 802 4807 praecipue
823 4713 1001 4806 pertinere
1015 4713 1067 4796 ad,
1082 4707 1259 4805 Ecclesiae

272 4833 544 4928 gubernatores,
568 4841 639 4912 quo
654 4817 692 4884 in
707 4815 846 4904 fastigio
864 4815 969 4884 etiam
980 4803 1074 4910 C.V.
1092 4811 1260 4907 collocata

270 4949 338 5008 est.
394 4927 493 5000 Bene
526 4933 560 4992 et
591 4917 741 4990 leliciter
764 4917 879 4988 valeat
900 4913 942 4990 C.
964 4911 1009 4987 V.
1039 4911 1143 5014 'Cal
1170 4909 1260 4986 Maii

277 5034 387 5111 1550.

276 5165 501 5192 Μ

313 5227 342 5290 1)
360 5219 473 5291 Nuptiae
484 5162 746 5286 margaretha‘e'com
761 5199 902 5274 Priamo,
924 5201 1025 5261 habitas
1039 5196 1067 5260 d.
1080 5204 1105 5260 2.
1115 5164 1175 5260 tul.
1187 5201 1263 5260 1⁵50.

312 5307 341 5376 2)
360 5298 605 5362 cot.Goat.188.
623 5293 714 5350 addit:
740 5291 816 5344 1550.
1061 5307 1071 5318 -

313 5394 344 5463 Ι1)
360 5391 408 5446 Sic
419 5403 519 5442 acmen
531 5381 663 5454 scriptun
677 5387 717 5434 est
724 5416 733 5449 ,
744 5377 801 5436 ted
808 5385 879 5447 μὴ
888 5371 1029 5435 narba.

792 219 1232 304 nersronanma
1282 223 1391 312 aaa.
1437 221 1540 342 arr
1590 219 1727 302 caeo.

1268 394 1337 472 No.
1354 393 1467 472 4711.

1278 493 1450 523 ΜΞ

1601 561 1670 650 Io.
1699 561 1935 652 Montano.

1341 707 1428 780 apsa
1442 706 1490 762 ra.
1507 705 1541 766 v.
1554 725 1583 782 p.
1596 705 1648 762 aa
1660 723 1701 778 η.

1275 846 1551 930 Honesteviro,
1578 839 1794 919 Iohanni
1818 837 2076 938 Montano,
2102 845 2261 946 civiNo-
2320 883 2321 890 ¹

1519 945 1738 1044 vibergensi,
1763 942 2030 1048 Typograplm.

1278 1065 1326 1154 S.
1351 1081 1395 1154 D.
1444 1077 1493 1154 Et
1515 1108 1594 1154 meo
1617 1095 1652 1154 et
1674 1077 1852 1154 Ecclesiae
1877 1095 2018 1154 nostrae
2040 1083 2186 1162 nominc
2204 1087 2263 1156 tibi

1279 1199 1313 1254 et
1353 1183 1516 1268 caeteris,
1556 1184 1619 1279 qui
1653 1183 1847 1254 editionem
1888 1186 2155 1258 enarrationum
2197 1185 2265 1258 Lu·

1281 1278 1414 1382 theri¹)
1431 1287 1560 1372 edunt,
1585 1283 1712 1374 gratias
1727 1306 1804 1374 ago.
1856 1281 1977 1356 ludico
1999 1287 2115 1372 enim,
2140 1283 2204 1358 hos
2218 1289 2266 1357 la-

1282 1387 1384 1456 bores
1400 1399 1435 1458 et
1449 1385 1526 1458 Deo
1542 1385 1697 1478 placere,
1722 1399 1757 1458 et
1767 1379 1944 1480 Ecclesiae
1959 1389 2134 1480 prodesse.
2187 1387 2267 1458 Tibi

1282 1489 1387 1558 etiam
1402 1488 1531 1577 gratias
1545 1511 1629 1577 ego,
1654 1488 1752 1582 qnod
1766 1485 1935 1558 volumen
1948 1512 2044 1560 nunc
2058 1513 2180 1560 recens
2197 1493 2269 1560 edi·

1283 1603 1360 1658 tum
1380 1583 1470 1660 mihi
1492 1588 1631 1660 misisti.
1687 1585 1947 1658 Praefationem
1969 1585 2270 1683 inchoaveram²)‚

1284 1691 1345 1760 sed
1360 1689 1441 1760 aliis
1456 1690 1669 1783 quibusdam
1685 1687 1830 1758 insulsis
1851 1701 1886 1758 et
1905 1689 2053 1780 ingratis
2072 1695 2270 1786 occupatio-

1285 1791 1391 1861 nibus
1406 1791 1617 1883 impcditus,
1643 1804 1746 1874 tunc,
1768 1813 1848 1860 cum
1864 1791 1999 1864 adesset
2013 1793 2186 1874 nuncius,
2203 1819 2271 1864 non

1286 1892 1422 1963 absolvi
1434 1887 1649 1965 inchoatam.
1700 1889 1844 1962 Mittam
1861 1907 2002 1978 autem,
2024 1892 2100 1966 Deo
2124 1895 2274 1980 iuvante,

1286 1994 1391 2066 aliam
1407 1993 1675 2086 locupletiorem
1691 1994 1736 2060 acl
1758 1991 1936 2088 reliquum
1957 1989 2113 2091 opus³),
2137 1998 2184 2066 de
2209 2021 2274 2092 qna

1287 2111 1404 2168 umen
1427 2107 1543 2166 vestro
1572 2094 1721 2164 arbitrio
1743 2093 1912 2168 statuetis.
1970 2093 2118 2168 Utinam
2142 2121 2277 2188 possem

1288 2197 1394 2268 etiam
1424 2195 1621 2268 maioribus
1652 2193 1777 2264 officiis
1801 2219 1917 2264 meam
1938 2197 2041 2266 vobis
2063 2197 2278 2268 benevolen-

1290 2297 1374 2368 tiam
1392 2297 1581 2370 declarare.
1632 2292 1792 2366 Debetur
1809 2296 1904 2366 enim
1919 2298 2099 2386 gratitudo
2123 2295 2278 2370 honestis

1289 2399 1393 2484 viris,
1412 2423 1565 2492 quorum
1579 2397 1718 2466 labores
1733 2410 1767 2468 et
1783 2397 1945 2468 officinae
1959 2399 2120 2470 serviunt
2133 2403 2280 2473 utilitati

1289 2498 1482 2585 Ecclesiae,
1504 2523 1579 2570 non
1597 2521 1720 2570 cortem
1734 2497 2011 2588 cupiditatibus,
2035 2499 2098 2594 qni
2114 2503 2228 2573 deleri
2251 2519 2282 2573 et

1291 2603 1410 2670 literas
1429 2614 1463 2670 et
1483 2623 1602 2670 veram
1626 2597 1887 2669 invocationem
1904 2597 1988 2682 Dei,
2022 2601 2208 2674 literarum
2229 2631 2283 2674 ar-

1290 2701 1378 2784 mis,
1404 2715 1438 2772 et
1454 2700 1527 2790 igni
1544 2713 1579 2771 et
1593 2701 1705 2784 lerro,
1730 2713 1917 2775 conantur.
1956 2701 2024 2774 Sed
2040 2699 2157 2773 Deum
2174 2719 2283 2776 aeter-

1291 2826 1397 2886 num,
1428 2800 1568 2873 Patrem
1591 2799 1740 2872 Domini
1769 2803 1884 2874 nostri
1915 2799 1995 2873 lesu
2023 2799 2179 2888 Christi,
2213 2833 2284 2889 oro,

1291 2917 1331 2974 ut
1352 2903 1459 2972 nobis
1479 2901 1591 2988 adsit,
1623 2914 1658 2972 et
1680 2901 1750 2970 sibi
1773 2901 1956 2972 internos
1979 2927 2117 2997 semper
2144 2909 2285 2998 colligat

1292 3001 1509 3088 Ecclesiam,
1535 3017 1570 3073 ct
1584 2997 1736 3094 hospitia
1752 2997 1919 3075 honestae
1934 3005 2145 3096 disciplinae
2163 3024 2200 3080 et
2215 3025 2287 3079 stu·

1293 3106 1435 3178 diorum
1448 3116 1617 3198 protegat.
1670 3101 1768 3174 Bene
1786 3105 1875 3178 vale.
1925 3101 2001 3182 Cal.
2017 3105 2121 3182 Maii.

1748 3211 1751 3218 '
1804 3199 1993 3300 Philippus
2014 3205 2242 3282 Melantbon.

2223 3422 2287 3432 -u-n-

1296 3555 1363 3629 No.
1378 3552 1491 3626 4712.

1303 3649 1476 3684 Μ

2138 3575 2172 3634 1.
2188 3567 2274 3632 nan.

1654 3715 1701 3806 G.
1731 3643 1947 3830 Apicilne.

1367 3865 1446 3955 att:
1460 3879 1555 3934 apogr.
1573 3859 1603 3916 io
1622 3859 1684 3916 cot.
1705 3859 1893 3920 Parir.n.1,
1911 3861 1977 3921 aas,

1300 3999 1518 4106 Casparo
1543 3997 1748 4173 Aquilai
1771 4000 1897 4200 iiim?
1914 4001 1955 4075 in
1971 4001 2105 4107 oppido
2119 4003 2295 4086 Schmal-

1746 4129 1768 4174 a
1815 4129 1856 4174 en

1304 4221 1354 4310 S.
1372 4237 1426 4311 D.
1474 4233 1685 4310 Reverende
1701 4237 1775 4321 vir,
1800 4250 1837 4308 et
1851 4238 1961 4309 amice
1978 4240 2169 4318 carissime.
2221 4247 2296 4323 Etsi

1304 4341 1432 4432 ipsein
1448 4339 1553 4410 exilio
1569 4340 1682 4412 multo
1699 4339 1843 4411 duriore
1858 4363 1957 4426 sum,
1972 4365 2079 4434 qnam
2093 4357 2150 4425 tu,
2180 4363 2296 4423 tamen
2320 4351 2321 4376 l

1306 4456 1342 4513 et
1365 4444 1410 4512 de
1433 4454 1496 4510 tuo
1518 4439 1623 4512 exilio
1648 4440 1939 4538 saepeffcogitavi,
1972 4445 2030 4512 sed
2053 4449 2215 4532 gratulor
2239 4455 2296 4524 tibi

1306 4543 1483 4616 mediocre
1500 4537 1695 4633 hospitium
1704 4533 1742 4638 *)
1763 4565 1803 4612 ac
1817 4539 1933 4615 Deum
1957 4567 2038 4630 oro,
2063 4561 2103 4616 ut
2126 4563 2161 4620 te
2183 4566 2220 4623 et
2233 4553 2297 4626 Ec-
2320 4595 2321 4600 =

1344 4777 1371 4846 1)
1388 4774 1504 4834 tibrum
1514 4771 1663 4828 Oeneum

1342 4861 1372 4932 2)
1393 4856 1489 4914 Voluit
1502 4853 1703 4976 gesserim·
1720 4861 1751 4907 ut
1770 4850 1839 4930 Mel.
1857 4851 1900 4907 To
1932 4873 1949 4907 o
1967 4855 2009 4916 ll.
2022 4855 2231 4916 cremationem
2250 4865 2298 4920 ι...

1378 4921 1491 4980 theclin
1533 4943 1622 4975 eneam
1639 4921 1832 4992 praelationem
1848 4939 1910 4990 prae
1949 4926 2186 4996 cret,quodvero
2201 4931 2297 4990 factum

1358 5006 1437 5048 ·'non
1453 5002 1502 5047 ert.
1529 4989 1645 5048 'Prtdiit
1658 4987 1738 5046 Tota.
1753 4991 1790 5045 ll.
1810 4944 1973 5054 tuno-teia
2030 4997 2033 5005 '

1345 5077 1515 5202 ωιΐοιιιὲη
1535 5071 1586 5130 ttt.
1603 5075 1807 5132 camertem
1828 5071 1941 5132 theci
1956 5068 2140 5134 suumn.
2182 5081 2250 5174 Vid.
2265 5087 2301 5142 Ε.

1346 5233 1374 5302 t)
1393 5145 1607 5298 geillfflemn
1627 5223 1814 5298 quoquuila
1826 5191 1936 5282 'tiliois
1952 5175 2138 5298 Augustsnnua
2158 5231 2237 5308 impu
2277 5259 2301 5292 a·

1367 5311 1474 5364 aeret,
1489 5297 1568 5352 lussit
1581 5297 1708 5368 Aqallam
1728 5305 1774 5349 aot
1794 5300 1934 5349 mertuum
1955 5307 2001 5350 aot
2020 5297 2112 5352 viram
2134 5301 2186 5356 sibi
2209 5259 2301 5363 afficiet

1382 5367 1495 5442 Recepit
1514 5365 1595 5438 igitur
1615 5381 1644 5420 ee
1664 5365 1786 5436 primaru
1807 5363 1837 5420 ia
1857 5381 1949 5420 meere
1967 5361 2232 5445 lludolstadienam,
2253 5397 2302 5434 maa
