4658 5818
219 237 298 316 tti'!
781 221 1221 304 EPISTOLARUM
1252 223 1389 308 tlte.
1412 225 1497 308 ΧΠ.
1550 223 1682 308 1⁵51.
2189 229 2259 305 tte

223 413 292 487 No.
306 411 417 488 4881.
1067 399 1220 486 conpr.
1270 411 1358 470 susc
1370 397 1509 491 Spiritu
1530 419 1594 470 eoo
1619 413 1739 472 saneto
1761 397 1933 488 gubernet
1952 413 1988 472 et
2010 399 2204 480 custodiat,
2229 413 2259 470 et

230 509 442 546 Μ
1074 495 1215 564 ”⁴⁶5
1269 500 1372 573 iaciat
1386 513 1426 572 ut
1442 525 1522 570 vere
1539 525 1650 570 unum
1666 503 1775 574 simus
1791 501 1830 570 in
1847 502 1934 592 ipso.
1966 499 2066 572 Bene
2079 515 2112 572 et
2127 501 2258 571 foelici-

294 603 697 701 concionatoribus
725 597 1154 718 Aryeminemibrce,
1270 615 1322 674 ter
1336 603 1460 674 valete.
1512 599 1580 672 Die
1595 601 1656 677 24.
1673 599 1829 696 Aprilis,
1847 604 1934 673 anni
1949 602 2061 678 1551.
2085 601 2235 695 Lipsiae.

293 767 411 822 mul*
430 756 911 820 1ἢῆωῆδῖ’“·Ε“Ῑ“·““·’5·
932 753 1219 840 ¹⁰PP¹0¹⁰‘¹¹'·.P·²²·
1320 749 1509 846 Philippus
1542 749 1804 828 Melanchthon
1834 751 2025 850 nomine⁶)
2059 749 2258 842 Theologo-

324 839 392 890 etin
407 835 480 889 libro
498 833 543 888 Vl.
560 830 698 904 epistolar.
720 845 749 898 p.
769 825 847 890 567..
874 827 951 880 cuius
971 825 1061 878 editor
1078 827 1218 896 epistotam
1475 858 1483 874 .
1860 858 1869 874 ,
1950 859 1958 874 ‚
2068 855 2077 874 ,
2203 855 2228 872 ,,

322 905 464 976 decripsit
478 922 508 956 er
521 898 676 976 spognpto
690 899 720 952 tn
732 897 794 952 eoa.
810 895 927 954 Mam,
942 893 978 948 ιι.
994 913 1021 965 p.
1037 895 1097 948 tto.
1272 903 1278 918 ·
1367 879 1446 926 rnen
1474 882 1511 926 cn
1531 869 1682 952 utraque
1702 855 1894 930 Academia
1917 857 2079 952 Lipscnsr
2104 869 2140 928 et
2157 853 2207 926 w
2218 867 2259 926 ct·

224 1050 446 1131 Reverende's
459 1041 588 1134 Viris,
611 1041 814 1121 eruditione
828 1053 860 1118 et
877 1041 1006 1116 virtute
1020 1051 1219 1144 proeston-
1371 960 1582 1050 tenbergrea,

225 1159 325 1232 tibus
340 1151 562 1229 Pectoribus
583 1161 615 1224 et
633 1144 840 1222 doctoribus
862 1144 1052 1218 Ecclesiae
1074 1141 1154 1215 Du·
1179 1142 1219 1214 ὴ,

225 1261 358 1352 inedito
382 1257 470 1330 orbe
484 1254 742 1352 Argentoroti,
766 1247 894 1321 amicis
917 1245 998 1320 sois
1024 1255 1221 1318 reverenter

640 1348 812 1428 colendis.
1129 1421 1133 1429 ,
1270 1351 1333 1424 No,
1349 1349 1462 1422 4882,

225 1505 277 1594 S.
301 1511 349 1585 Ι).
396 1506 602 1584 Reverendi
622 1517 659 1576 et
677 1501 874 1576 doctissimi
897 1497 993 1586 Viri;
1019 1493 1219 1591 Utrumque
1279 1447 1453 1482 *n-
1832 1545 1841 1564 ,
1874 1549 1883 1568 ‚

224 1615 400 1716 praedixit
413 1611 507 1684 filius
520 1603 611 1694 Dei,
634 1619 669 1678 et
683 1607 822 1676 futuras
836 1625 910 1674 esse
925 1602 1078 1670 maiores
1099 1599 1138 1668 in
1154 1593 1220 1669 hae
1623 1543 1674 1630 θ’
1697 1541 1918 1630 Fabmw·

226 1719 395 1810 languida
426 1729 462 1786 et
486 1713 599 1786 doira
631 1707 761 1780 muudi
792 1717 931 1776 senecta
963 1701 1221 1794 dissipationes,
1337 1699 1520 1773 rssxapogr.
1533 1699 1562 1754 u
1576 1699 1673 1755 naec
1687 1699 1846 1758 ztoavnso
1859 1720 1903 1773 sp.
1916 1701 1959 1758 se.

930 1803 941 1835 ¹
1188 1802 1219 1852 ⁸..

226 1845 335 2019 {323
350 1801 1219 2000 gemam&igtgffienhtmzncgefflvssa
1269 1851 1474 1952 Georgio
1505 1851 1753 1944 Fabricio,
1793 1857 1961 1956 (gubern.
1983 1855 2099 1934 schol.
2124 1855 2256 1954 Men.)

229 2029 275 2100 sit
289 2022 463 2104 Ecclesia,
488 2031 524 2092 et
538 2015 684 2110 quidem
700 2015 801 2081 docet
822 2005 918 2080 hunc
933 2019 1074 2078 coetum
1097 2004 1220 2088 oculis,
1269 1990 1318 2076 S·
1346 2005 1390 2076 Ι).
1442 2005 1646 2077 Clarissimo
1664 2009 1719 2076 vir
1739 2022 1774 2078 et
1794 2011 1972 2079 carissime
1991 2011 2110 2081 scater.
2162 2007 2260 2080 Extat
2316 1991 2317 1994 Ἴ

228 2127 392 2208 auribus,
415 2133 550 2204 mente,
576 2139 660 2187 voce
686 2113 869 2184 doctrinae
897 2121 931 2178 et
950 2107 1174 2178 invocatione
1200 2129 1220 2174 a
1269 2107 1415 2198 epistola
1436 2106 1667 2192 Nazianzeni‚
1700 2109 1738 2177 in
1764 2133 1834 2202 qua
1855 2133 1891 2180 se
1913 2125 2072 2194 excusat,
2101 2135 2169 2181 cur
2193 2135 2259 2180 non

229 2229 352 2299 ceteris
376 2222 540 2314 gentibus
562 2216 713 2288 discerni
736 2236 854 2306 posse,
887 2211 926 2280 in
953 2233 1024 2304 quo
1054 2209 1219 2278 videlicet
1269 2209 1409 2302 accedet
1431 2211 1476 2280 ad
1497 2209 1703 2305 Synndum‚
1727 2211 1790 2280 nbi
1812 2235 1892 2280 curn
1913 2215 1981 2282 alia
1997 2213 2083 2282 dicit
2098 2214 2260 2302 gravissi-

228 2353 297 2400 vox
312 2323 499 2412 Evangelii
520 2333 624 2390 sonat
645 2319 850 2406 incorrupta
869 2327 904 2382 et
927 2335 1009 2380 vera
1025 2307 1093 2380 Dei
1116 2310 1221 2378 invo-
1271 2335 1345 2396 rne,
1377 2324 1453 2381 turn
1476 2306 1726 2405 bengneque,
1752 2315 1848 2405 quod
1875 2314 1944 2397 ait,
1974 2335 2011 2382 se
2037 2315 2179 2384 nullius
2199 2315 2260 2408 Sy-

227 2431 319 2500 catio
336 2428 396 2498 sit:
430 2423 516 2492 Vult
539 2421 642 2490 etiarn
659 2441 726 2487 noe
751 2413 845 2506 ipsos
863 2407 971 2482 huius
995 2425 1113 2482 coetus
1135 2433 1221 2480 eon·
1270 2412 1358 2482 nodi
1387 2413 1524 2482 bonum
1557 2413 1689 2483 exitum
1721 2413 1860 2482 vidisse
1916 2413 2070 2485 Memini
2095 2429 2133 2486 et
2155 2417 2260 2486 mutu
2317 2479 2318 2488 ,

229 2517 684 2620 iunctionem²)omnibus
698 2516 814 2586 modis
835 2513 936 2584 tueri.
988 2511 1108 2601 Quare
1122 2512 1221 2606 quod
1271 2513 1447 2605 exenrpla,
1470 2537 1562 2607 quae
1583 2537 1658 2583 non
1679 2513 2091 2590 sinedoloncrecordor.
2146 2515 2261 2606 Quare
2317 2571 2318 2606 ,

229 2633 334 2704 nobis
359 2625 631 2700 deliberationes
653 2611 827 2712 vestras³)
845 2615 1065 2704 significatis,
1090 2613 1147 2704 pie
1166 2613 1221 2682 sa·
1270 2617 1373 2700 soito,
1389 2611 1480 2686 mihi
1494 2615 1729 2705 gratissimam
1745 2617 1852 2687 luisse
1864 2629 1960 2688 tuam
1977 2619 2165 2709 epistolam
2182 2619 2262 2687 scri.

229 2735 308 2806 citis
333 2747 366 2802 et
388 2728 489 2798 vobis
512 2723 640 2814 gratias
653 2719 800 2812 agimus.
851 2711 1025 2807 Exposuit
1040 2715 1133 2782 enim
1155 2737 1222 2783 no·
1272 2731 1366 2809 ptam
1383 2717 1558 2808 sapienter
1575 2729 1608 2786 et
1621 2741 1716 2787 vere.
1766 2715 2037 2808 Legerunteam
2052 2717 2260 2790 multiboffi

229 2836 285 2908 bis
308 2833 378 2904 Vir
401 2827 625 2899 doctissimus
658 2837 693 2894 et
724 2818 971 2911 integerrimus
995 2817 1066 2889 Dn.
1088 2813 1223 2886 Doctor
1271 2831 1304 2888 et
1321 2818 1415 2888 docti
1431 2817 1519 2904 viri,
1536 2819 1597 2912 qui
1613 2819 1717 2888 valde
1733 2819 1932 2909 probarunt
1946 2820 2118 2890 iudicium
2137 2835 2173 2891 et
2189 2845 2262 2910 gra-

228 2935 393 3009 Ioonnes
413 2919 664 3001 Morboedios
685 2917 804 2994 vestra⁴
818 2920 967 2992 consilia
988 2919 1114 3012 plenae
1135 2941 1222 3013 pru-
1271 2921 1413 2990 vitatem
1430 2932 1538 2994 tuam.
1589 2919 1660 3003 Sed
1679 2915 2080 2991 haectomssinfflgm,
2134 2921 2261 2992 sumu,

230 3039 371 3110 dentiae
387 3048 422 3104 et
436 3031 536 3117 fidei,
555 3027 709 3098 vicissim
723 3037 842 3096 antem
856 3022 960 3092 vobis
976 3035 1011 3092 et
1023 3031 1161 3090 nostras
1187 3031 1223 3088 et
1271 3022 1367 3090 enim
1394 3021 1509 3091 vocati
1530 3023 1573 3090 ad
1599 3043 1736 3090 sacrorn
1762 3023 1921 3116 nuptiale
1937 3015 2171 3116 Croeooii').
2221 3019 2261 3092 Et

230 3141 432 3212 vicinorum
474 3131 698 3226 quorundam
739 3123 1011 3198 deliberationes
1044 3119 1221 3204 recitabit,
1272 3135 1392 3193 noster
1414 3119 1538 3192 Pastor
1565 3123 1616 3190 ire
1639 3119 1813 3192 Dresdam
1839 3125 2004 3196 decrevit.
2061 3121 2263 3206 Pecuniam,

229 3263 318 3337 quas
351 3237 496 3332 quidem
525 3256 605 3304 eum
629 3227 755 3299 vestris
787 3247 980 3314 congruere
1012 3223 1222 3295 iudicamus.
1272 3247 1377 3318 quam
1390 3216 1576 3294 Nicolaus
1590 3223 1705 3304 misit,
1730 3226 1847 3308 dedit,
1873 3251 1930 3296 me
1945 3237 2147 3318 praesente,
2174 3249 2262 3296 nun.
2318 3253 2319 3260 κ

227 3343 312 3416 Non
336 3337 575 3408 existimamus
597 3333 851 3422 gubernatores
873 3338 1130 3418 repugnaturos
1148 3345 1221 3392 esse
1272 3327 1346 3396 cius
1362 3318 1528 3418 Philippo
1552 3317 1808 3398 Winshernio.
1859 3325 2060 3398 Benevole,
2112 3325 2188 3396 Die
2208 3325 2263 3398 27,

230 3441 407 3515 voluntati
430 3434 674 3528 Imperatoris,
698 3431 761 3524 qui
783 3429 898 3509 iubet,
924 3439 965 3498 ut
988 3449 1132 3496 suarum
1149 3420 1222 3494 Ec·
1273 3425 1419 3520 Aprilis.

230 3544 415 3617 elesiarum
437 3537 636 3609 doctrinam
665 3533 704 3602 in
727 3529 873 3626 Synodo
898 3539 1086 3618 exponant.
1142 3519 1222 3594 Etsi
2017 3523 2221 3624 Philippus·

230 3647 339 3740 igitur
364 3641 486 3721 multi,
518 3638 711 3728 cogitantes
738 3643 911 3727 quantum
937 3629 982 3699 sit
1009 3625 1222 3722 periculum,

229 3737 514 3838 contendunt⁴),
535 3761 759 3832 nequaqnam
784 3733 983 3804 adeundam
1010 3753 1082 3799 esse
1104 3725 1222 3822 Syno-

229 3853 335 3934 dum‚
360 3861 477 3918 tamen
496 3841 524 3911 si
537 3839 637 3912 missi
650 3837 839 3922 fuerimus,
864 3833 951 3906 etin
971 3831 1034 3900 illo
1057 3851 1222 3900 consessu
1274 3833 1341 3906 No.
1356 3833 1470 3911 4883,
2102 3853 2163 3915 30·
2180 3843 2252 3928 App·

230 3946 325 4020 v'olet
340 3971 404 4018 nos
424 3939 589 4036 audire⁵)
613 3939 831 4032 Imperator,
853 3959 929 4005 non
950 3933 1114 4024 defugere
1136 3953 1222 3999 con·
1284 3929 1455 3962 Μ
2089 3931 2259 3963 ww

229 4051 419 4124 tersionem
441 4067 638 4140 possumus.
688 4039 769 4110 Erit
794 4052 912 4110 aurem
937 4049 972 4106 et
995 4029 1165 4104 honestus
1188 4045 1223 4102 et
1496 4019 1735 4105 Fridcrico
1762 4019 1890 4105 Dooe'
1916 4017 2054 4138 Lipn.

229 4149 398 4225 Ecclesiis
414 4143 482 4218 hoc
499 4161 656 4236 ternpore
669 4155 705 4212 et
716 4141 810 4232 apud
826 4137 1066 4234 posteritatem
1080 4133 1223 4234 utilius,
1318 4231 1323 4239 ι
1341 4134 1493 4248 ἐβίω.
1507 4175 1554 4230 ω·
1573 4193 1601 4246 p.
1615 4175 1656 4230 57·
1677 4175 1827 4243 (emend.
1843 4176 1950 4232 lietu.
1969 4196 2011 4249 ep.
2023 4175 2091 4245 ἦ).

228 4281 337 4329 unam
362 4275 436 4322 esse
458 4248 517 4342 pie
535 4244 810 4316 consentientem
841 4263 963 4310 vocem
993 4235 1222 4308 consessionis

229 4359 478 4455 plurimorum.
531 4347 607 4419 Hac
621 4357 695 4417 tota
714 4345 758 4412 de
775 4365 813 4412 re
829 4353 968 4412 nostros
989 4359 1167 4409 sermones
1190 4349 1224 4405 et
1275 4329 1544 4407 [ilustrissimo
1566 4323 1735 4429 Prmcipi
1753 4323 1844 4402 Fri
1851 4327 1948 4403 deri
1955 4356 2017 4419 eo,
2040 4327 2147 4405 Duri
2174 4329 2265 4406 Sile-

230 4457 503 4532 deliberationes
516 4449 618 4521 vobis
633 4443 809 4538 copiosius
826 4441 1108 4532 exponetdoctor
1119 4435 1231 4508 loanss'
1305 4486 1309 4502 .
1349 4435 1428 4507 sine
1444 4433 1483 4506 in
1498 4429 1697 4528 Lignicio,
1721 4429 1846 4526 Briga
1864 4443 1895 4503 rt
1910 4427 2111 4534 Goltperg,
2137 4445 2200 4508 ιιι,

230 4587 305 4634 nes.
343 4555 499 4627 Oramus
516 4565 634 4624 autem
647 4547 762 4619 lilium
770 4543 839 4616 Dei
851 4541 1047 4642 Dominum
1063 4552 1224 4609 nostrum

232 4665 348 4740 lesum
370 4653 572 4749 Christum,
602 4651 665 4744 qui
693 4673 775 4719 vere
808 4645 876 4718 sibi
899 4657 1076 4716 aeternam
1100 4635 1237 4710 Eccle-'

233 4746 320 4838 siam
337 4759 471 4852 colligit
495 4757 533 4825 in
554 4773 680 4844 genere
696 4746 873 4835 brunone,
898 4761 940 4818 ut
957 4741 1132 4816 Ecclesiae
1158 4767 1225 4814 no-

1276 4569 1325 4658 S·
1351 4585 1396 4659 D·
1447 4562 1689 4656 illustrissime
1718 4583 1903 4675 Princeps,
1936 4599 1970 4656 et
2001 4585 2263 4658 clementissime

1275 4685 1439 4762 Domine.
1490 4683 1570 4770 Etsi
1585 4685 1798 4760 calamitates
1809 4687 1973 4776 publicae
1989 4699 2025 4756 et
2038 4687 2264 4779 imperiorum

1276 4789 1458 4905 ruinaeet
1482 4781 1707 4916 confusiones
1735 4785 1775 4854 in
1798 4800 1988 4894 conspectu
2013 4797 2113 4874 sdnt3
2154 4803 2265 4860 umen

232 4913 458 4937 Μ

264 4995 294 5145 :i
311 4989 647 5136 iiiiieeiiomnonem,
662 5060 762 5116 rectius
774 5072 856 5130 quarn
868 5055 1115 5162 commixtionem,
1133 5042 1162 5111 ui
1175 5053 1223 5111 ha·
1310 5088 1342 5155 5)
1360 5084 1453 5148 rm
1463 5084 1596 5148 mm
1605 5079 1810 5152 smmum.
1827 5081 1971 5139 mm

302 5137 526 5207 incassum.
1311 5172 1341 5245 e)
1360 5167 1507 5232 usensis·
1523 5164 1694 5222 misenam
1714 5163 2139 5232 commemorns-sm
2175 5170 2264 5240 om

267 5229 295 5298 ⁸)
318 5227 410 5282 ΜΝ·
422 5233 556 5276 ‘'mm‘'
570 5237 620 5291 P‘0
632 5225 749 5270 mmm·
1345 5240 1374 5296 in
1394 5237 1469 5310 epist.
1490 5230 1523 5290 cd
1544 5235 1708 5289 Cummerst.
1730 5233 1756 5288 d.
1776 5233 1818 5289 tt.
1837 5233 1896 5290 lun.
1910 5235 1972 5293 tna.
1987 5235 2046 5291 'iam
2061 5239 2166 5296 dicatur
2180 5254 2264 5308 gener

267 5317 297 5380 4)
315 5311 406 5364 Μ’·
417 5311 539 5381 Wf‘flh'
551 5307 731 5360 ⁶⁰”¹⁶¹²‘¹⁰'²‘·
1346 5307 1511 5381 Pomersni,
1528 5303 1581 5361 hoc
1598 5319 1670 5360 enno
1686 5301 1887 5376 scriptamleero
1905 5303 1977 5362 laroc
1994 5306 2158 5382 epistolam,
2176 5308 2264 5376 „qun

269 5399 299 5466 s)
317 5391 527 5486 conspuens.
660 5429 679 5441 ..
844 5427 847 5434 ,
1270 5438 1276 5452 ⁴
1347 5385 1402 5436 „g
1872 5399 1876 5412 ,
1948 5384 1968 5417 s
