4684 5802
199 199 297 278 106⁷
579 213 585 226 ’
693 253 701 265 .
761 191 1200 276 detstouauuu
1248 193 1468 276 mltxtt.
1520 197 1659 278 teos.
2148 196 2247 270 1068

201 375 241 446 in
259 371 476 465 Groningen
490 393 589 443 suam
606 361 880 462 ελόωλομανόαν
895 366 1098 452 retinentes,
1121 391 1202 439 cnm
1251 367 1385 438 rendae
1399 383 1481 440 sunt
1496 371 1540 440 ab
1556 365 1622 442 hae
1636 369 1828 462 spiratione
1846 371 1901 440 vel
1915 369 2142 464 processione
2159 369 2248 438 ima-

203 478 418 568 ostenderet,
447 497 484 543 se
499 471 801 542 verae'doctrinae
817 471 1014 542 studiosum
1028 493 1119 558 esse,
1140 493 1202 562 pc-
1251 468 1448 558 ginationes
1463 473 1508 540 de
1525 471 1630 543 locali
1643 489 1677 544 et
1692 467 1836 566 physica
1852 472 2030 542 distantia.
2066 469 2166 542 llaec
2183 470 2249 540 etsi

205 581 383 672 pulerunt.
450 573 576 644 Postea
612 587 653 642 ut
693 574 808 642 fontes
842 571 1024 642 doctrinae
1057 571 1203 664 propius
1253 593 1332 640 vere
1349 571 1533 658 dicuntur,
1560 587 1677 642 tamen
1696 599 1767 642 rum
1782 574 1864 641 satis
1881 574 2048 664 explicate
2066 575 2248 645 dicuntur.

206 691 409 770 agnosceret
418 673 491 770 (i),
517 675 677 763 linguam
695 671 870 743 Ebraeam
889 673 1023 758 didicit,
1050 697 1088 752 ac
1103 672 1205 742 deiu—
1253 671 1504 760 Quaerendum
1521 687 1571 743 est
1586 675 1698 754 euim,
1725 677 1796 766 qdo
1812 677 1937 744 ordine
1961 676 2009 742 ibi
2031 675 2121 760 sint,
2146 689 2247 744 etan

207 785 249 852 de
279 781 317 850 iu
342 777 533 850 Academia
564 789 684 844 nostra
709 790 744 844 et
767 771 1050 864 Regiomontana
1074 773 1204 844 multos
1254 775 1297 842 sit
1324 774 1441 868 aliqua
1468 799 1529 844 sua
1558 775 1647 844 actio
1671 777 1759 844 lilii?
1793 787 1826 844 et
1852 798 1913 844 sua
1941 777 2086 868 spiritus
2113 774 2250 844 sancti?

206 897 298 954 recte
322 881 453 951 docuit.
503 875 674 948 Discessit
696 891 813 946 autem
838 901 878 944 ex
896 875 1037 946 Prussia
1060 887 1205 967 propter
1254 869 1468 944 Athanasius
1487 877 1674 968 aliquoties
1696 877 1800 946 dicit:
1826 877 1862 943 in
1885 901 2096 972 quocunque
2115 877 2250 947 dicitur

207 985 339 1056 atrocia
357 979 503 1052 dissidia
522 979 573 1046 ibi
590 991 687 1062 orta,
713 990 747 1048 et
768 1000 864 1046 nunc
884 977 1040 1046 solitudo
1064 990 1205 1046 nostrae
1254 977 1675 1066 essespiritussanctus,
1707 977 1807 1047 ineo
1833 991 1884 1048 est
1906 979 2148 1070 perverbum.
2201 972 2250 1045 Et

210 1083 420 1158 Academiae
436 1103 539 1150 castsa
558 1090 626 1162 cst,
652 1101 716 1147 cur
732 1077 818 1146 alibi
841 1071 1034 1169 hospitium
1051 1089 1205 1171 quaerat.
1254 1077 1413 1170 loquitur
1425 1079 1469 1146 de
1483 1101 1630 1168 persona
1647 1079 1709 1147 lilii
1722 1077 1790 1148 Dei
1804 1082 1997 1148 secundum
2013 1080 2249 1148 divinitatem.

208 1187 285 1260 Etsi
302 1198 418 1254 autem
435 1183 531 1273 apud
550 1202 613 1248 vos
629 1179 685 1250 vir
700 1179 966 1260 celeberrimus,
991 1179 1205 1248 clarissimus
1255 1173 1476 1268 Augustinus
1500 1179 1619 1272 inquit
1633 1179 1667 1252 4.
1685 1181 1729 1250 de
1753 1179 1926 1250 trinitate:
1953 1181 2111 1275 qrrotidie
2135 1179 2251 1250 mitti-

209 1283 447 1368 Dracanon,
471 1304 667 1352 sermonem
686 1276 937 1371 prophetarum
952 1277 1205 1376 Ebraeumin-
1255 1291 1315 1349 tur
1339 1279 1508 1370 sapientia
1539 1281 1577 1349 in
1607 1282 1714 1352 corda
1739 1283 1968 1352 credentium.
2016 1279 2065 1352 Et
2087 1282 2253 1375 loquitur

210 1401 437 1484 terpretatur,
469 1396 585 1452 tamen
609 1405 682 1450 non
706 1382 879 1463 arbitror,
911 1406 991 1451 eum
1016 1379 1206 1451 Gramma·

211 1495 307 1564 tieen
324 1503 385 1558 aut
402 1489 603 1580 docerenaut
627 1495 796 1574 repetere.
845 1479 936 1552 Cum
959 1483 1067 1572 igitur
1090 1505 1206 1572 gram-

211 1593 340 1664 matico
358 1590 487 1658 lectore
502 1585 576 1654 eins
592 1583 733 1674 linguae
750 1583 851 1653 vobis
866 1607 955 1675 opus
977 1583 1040 1668 sit,
1066 1607 1207 1678 quaeso,

211 1710 250 1766 ut
271 1691 430 1762 hortator
452 1687 499 1754 sis
517 1686 555 1753 iu
575 1685 673 1767 aula,
697 1699 737 1754 ut
759 1681 842 1754 lmic
858 1679 1081 1774 grammatica
1104 1685 1205 1754 lectio

149 1813 159 1836 ⁸
214 1799 295 1873 eius,
311 1793 452 1880 linguae
474 1787 751 1859 commendetur.
814 1783 932 1856 Homo
956 1786 1069 1855 fidelis
1092 1799 1145 1856 est
1168 1809 1208 1854 ac

214 1895 386 1968 candidus
408 1887 557 1980 etpacis
578 1909 709 1960 amans.
761 1884 889 1956 Totam
914 1881 1005 1956 hanc
1022 1911 1096 1958 rem
1121 1909 1208 1977 pru·

211 1997 352 2070 'dentiae
367 2007 402 2062 et
417 1991 500 2059 fidei
516 2003 594 2059 tuae
616 1991 836 2060 commendo.
887 1985 1019 2077 Scripsi
1044 1990 1088 2057 de
1110 2011 1151 2056 eo
1175 1999 1209 2056 ct

215 2101 258 2172 ad
275 2091 551 2167 illustrissimum
567 2089 774 2180 principem.
806 2089 844 2159 Si
861 2113 938 2179 spes
950 2113 1022 2158 non
1041 2088 1108 2158 erit
1122 2111 1208 2158 con-

94 2269 103 2278 ,
215 2197 412 2274 stituendae
434 2190 611 2274 lectionis,
633 2188 773 2258 curabis
792 2203 833 2260 ut
854 2189 893 2256 in
911 2188 1065 2261 Ecclesia
1090 2189 1208 2282 aliqua

216 2297 367 2374 docendi
384 2296 501 2364 locum
518 2287 655 2364 habeat.
677 2305 682 2315 '
700 2285 808 2360 Liber
824 2287 1061 2362 Ecclesiarum
1075 2303 1208 2360 vestra-

216 2427 297 2475 rum
314 2421 410 2468 nunc
424 2393 617 2472 recuditur,
645 2391 683 2460 in
700 2388 769 2484 quo
787 2389 850 2460 etsi
867 2391 910 2461 de
925 2393 1099 2462 sententia
1116 2385 1209 2460 nihil

67 2495 70 2506 ⁴
189 2577 192 2584 ,
218 2515 393 2576 mutatum
410 2510 480 2584 est,
506 2509 622 2564 tamen
645 2495 817 2586 quaedam
838 2493 985 2562 recitare
1006 2493 1210 2585 explicatius

217 2615 363 2676 conatus
380 2623 478 2680 sum,
502 2609 543 2666 ut
561 2593 707 2666 videbis.
759 2591 867 2664 Mitto
882 2607 917 2664 et
932 2595 998 2664 tibi
1013 2607 1047 2666 et
1062 2587 1213 2662 Doridi

218 2703 441 2800 quaestiones
464 2697 503 2764 in
527 2691 594 2764 hac
614 2695 747 2787 pagella
772 2693 901 2764 inserta
924 2691 1008 2765 huic
1032 2695 1212 2788 epistolae,

219 2811 263 2877 de
289 2803 418 2897 quibus
442 2797 592 2888 cogitare
621 2821 684 2864 vos
704 2795 810 2864 velim
837 2791 984 2864 etmihi
1009 2795 1212 2869 rescribere.

220 2905 365 2980 Utinam
383 2924 483 2993 saepe
499 2897 654 2989 colloqui
671 2897 787 2988 plures
804 2897 855 2987 pii
871 2911 909 2968 et
923 2899 1089 2970 virtutem
1106 2919 1213 2990 quae-

105 3097 106 3102 *
219 3022 338 3079 rentes.
353 3015 504 3096 possent.
555 2996 608 3070 Ac
624 2998 795 3090 praecipit
816 2999 898 3067 talia
916 2999 1092 3092 colloquia
1107 2995 1214 3081 Dens,

176 3137 183 3146 ·
220 3133 311 3202 quae
325 3131 397 3176 non
414 3099 619 3173 exulceratis
635 3099 763 3170 animis
776 3101 837 3168 sed
851 3100 1007 3169 veritatis
1021 3109 1140 3169 arnor'e
1155 3097 1214 3166 in-

183 3239 193 3246 ·
222 3211 438 3292 stituuntur,
461 3217 502 3272 ut
517 3199 753 3290 scriptumest
774 3201 813 3268 in
828 3199 1002 3272 Siraeide:
1033 3195 1126 3293 μετὰ
1151 3221 1214 3270 σο-

221 3313 308 3408 φῶν
325 3295 596 3400 συμβουλούου,
623 3297 686 3373 καὶ
699 3296 792 3394 μετὰ
807 3305 972 3375 συνετῶν
987 3301 1081 3373 ἔστω
1097 3296 1117 3372 ὃ
1132 3295 1214 3373 δια-

222 3403 397 3511 λογισμός
418 3426 504 3488 σου,
536 3397 599 3476 καὶ
622 3407 724 3474 πᾶσα
752 3393 919 3498 όνήγηοίς
949 3423 1018 3474 σου
1047 3401 1087 3475 ἓν
1108 3393 1215 3496 νόμῳ

220 3508 395 3609 ὑψίστου.
446 3505 544 3576 Bene
563 3505 640 3573 vale
664 3517 699 3574 et
719 3505 882 3576 rescribe.
934 3502 1090 3575 Salutem
1113 3501 1215 3572 vobis

197 3658 202 3670 ·
221 3615 388 3685 omnibus
401 3621 495 3701 opto.
546 3603 613 3676 Die
629 3604 673 3680 X.
689 3603 887 3697 Septembr.

538 3729 542 3736 '
964 3700 1165 3797 Philippus.

238 3953 504 3968 “nunonem—*maon
508 3950 679 3961 --u-—u-u--n
683 3949 810 3960 ..α-4....-
815 3947 1208 3962 mm

221 4059 436 4247 Q..

1027 4127 1083 4188 10.
1110 4115 1195 4201 Sept.

1000 4209 1212 4248 Μ

418 4317 681 4442 Ascrifobeo
712 4333 758 4407 et
788 4319 1029 4437 Chytraeo.

295 4517 318 4590 †
337 4517 375 4572 Es
392 4533 486 4588 apogr.
505 4513 533 4568 in
553 4511 613 4569 cod.
632 4511 720 4566 Paris.
737 4513 772 4566 D.
789 4510 819 4565 1..
837 4509 898 4566 54³.
931 4509 995 4566 Vid.
1014 4510 1090 4580 epist.
1107 4519 1220 4567 antece-

316 4584 453 4651 dentem,
470 4583 516 4640 cui
534 4581 598 4636 hacc
616 4579 720 4654 pagella
736 4581 794 4637 sine
813 4579 898 4634 dubio
919 4577 1023 4634 iucluss
1041 4580 1103 4637 tots.

226 4756 405 4834 Ioanni
429 4751 692 4853 Aurisabro
719 4761 750 4822 et
776 4749 963 4824 Doridi
986 4743 1220 4849 Chyarae.)

565 4877 710 4950 propos.
726 4849 878 4948 ζήτημα.
1069 4860 1072 4867 ’

227 5013 366 5097 Usitate
389 5026 533 5094 dicitur:
569 5023 652 5090 dato
675 5019 801 5108 spiritu
821 5033 940 5088 sanctu
966 5019 1072 5090 simul
1094 5021 1133 5089 in
1154 5017 1220 5091 ho·

227 5127 323 5195 mine
344 5140 425 5196 sunt
448 5139 518 5194 tres
536 5143 721 5214 personaet
748 5132 846 5211 pater
867 5131 1059 5206 aeternus,¹
1073 5123 1166 5192 lilius
1187 5137 1220 5191 et

227 5224 371 5314 spiritus
386 5238 542 5307 sanctus,
568 5223 649 5315 quia
665 5245 834 5312 personae
849 5233 932 5290 sunt
947 5221 1161 5308 indivulsae,
1186 5237 1220 5293 et

229 5338 329 5417 pater
346 5347 385 5391 ac
400 5323 493 5391 lilius
512 5323 646 5413 spirant
668 5323 830 5414 spiritum
849 5333 1025 5406 sanetum3
1052 5335 1087 5392 et
1105 5347 1221 5393 remo-

1254 1375 1337 1474 περὶ
1350 1373 1475 1480 λόγου,
1493 1383 1555 1474 qui
1572 1397 1623 1452 est
1638 1403 1787 1472 persona
1802 1406 1862 1452 seu
1877 1373 2142 1478 ὑφιστάμενον.
2176 1382 2250 1453 Sed

1255 1481 1357 1552 aliter
1371 1483 1527 1553 mittitur
1547 1497 1588 1554 ut
1605 1479 1792 1570 sit-homo,
1824 1483 1929 1554 aliter
1949 1497 1991 1554 ut
2013 1485 2058 1554 sit
2079 1509 2156 1554 cum
2181 1479 2254 1551 ho-

1255 1583 1362 1656 mine.
1396 1581 1523 1653 Videte
1538 1585 1588 1654 ibi
1603 1581 1853 1674 Augustinurn.
1893 1581 1943 1654 Et
1955 1587 2148 1656 recitantur
2161 1579 2252 1653 haec

1256 1683 1336 1756 dist.
1357 1684 1480 1777 quinta
1504 1685 1637 1755 decima
1665 1687 1773 1778 primi
1787 1686 2058 1757 sententiarum.
2107 1683 2153 1757 Et
2176 1683 2253 1754 Na-

1256 1785 1440 1854 zianzenus
1463 1785 1597 1879 inquit:
1624 1785 1664 1858 ἐκ
1687 1783 1811 1884 φωτὸς
1836 1782 1976 1882 πατρὸς
2002 1777 2252 1878 καταλαμβά-

1255 1910 1370 1978 νομεν
1386 1889 1477 1980 φῶς,
1503 1883 1570 1958 τὸν
1582 1883 1668 1958 υἱόν
1683 1883 1781 1983 φωτὶ
1797 1883 1894 1987 ἁγίῳ
1908 1881 2103 1982 πνεύματι.
2138 1887 2253 1959 Recte

1258 1987 1365 2075 igitur
1385 1985 1442 2058 hic
1458 1990 1545 2057 ordo
1565 1991 1753 2078 cogitatur:
1780 2014 1860 2057 cum
1882 1991 1990 2059 verbo
2009 1989 2120 2060 vocali
2142 1987 2252 2057 simul

1259 2111 1423 2181 persona,
1449 2081 1571 2188 λόγος,
1596 2105 1750 2159 mentem
1768 2091 1948 2159 illuminat
1964 2105 1997 2160 et
2012 2091 2160 2160 effundit
2177 2089 2252 2178 spi-

1258 2191 1364 2259 ritum
1381 2205 1552 2275 sanctum,
1565 2193 1628 2284 qui
1641 2191 1779 2262 addidit
1796 2204 1913 2262 motus
1930 2206 1961 2260 et
1978 2192 2157 2264 laetitiam.
2195 2187 2255 2271 Ut,

1258 2315 1337 2360 cum
1352 2290 1556 2384 loqueretur
1571 2293 1609 2360 iu
1626 2289 1793 2360 Paradiso
1810 2293 1916 2378 filius,
1940 2293 2025 2361 loris
2042 2295 2256 2362 audiebatur

1259 2391 1405 2461 verbum
1424 2395 1561 2479 vocale,
1587 2393 1682 2462 intus
1703 2407 1819 2462 autem
1848 2417 1947 2462 mens
1969 2396 2179 2463 movebatur
2200 2397 2256 2486 aqi

1259 2484 1369 2588 λόγῳ,
1393 2504 1427 2561 et
1442 2493 1626 2582 cogitabat,
1648 2493 1761 2566 lleum
1778 2507 1912 2584 patrem
1927 2494 2042 2563 dicere
2057 2491 2147 2564 hanc
2162 2519 2256 2562 con-

1260 2595 1466 2663 solationem
1483 2617 1546 2686 per
1560 2595 1660 2687 illum
1680 2595 1901 2688 loquentem,
1927 2607 1961 2664 et
1976 2597 2104 2664 deinde
2120 2597 2255 2664 sentie-

1260 2697 1345 2764 bant
1368 2695 1535 2765 laetitiam
1554 2711 1586 2768 et
1598 2711 1716 2766 motus
1730 2717 1854 2766 novos.
1906 2693 1957 2766 lta
1982 2697 2075 2767 iilius
2098 2697 2258 2766 ostendit

1261 2811 1417 2889 patrem,
1455 2809 1490 2867 et
1508 2797 1569 2866 lux
1592 2799 1763 2892 quaedam
1795 2796 1971 2888 praeeedit
2001 2797 2168 2868 laetitiam
2196 2821 2257 2866 sen

1262 2911 1394 2967 motus:
1421 2900 1516 2991 quod
1532 2899 1636 2968 etiarn
1652 2898 1865 2989 experientia
1878 2899 2043 2972 ostendit.
2076 2897 2118 2966 ln
2136 2913 2257 2968 mente

1263 2999 1421 3070 mulieris
1436 3023 1624 3070 conversae
1647 2992 1755 3098 λόγος
1769 2999 1872 3070 dicit:
1899 2997 2008 3069 Deus
2020 3014 2117 3092 pater
2134 3001 2258 3069 remit·

1265 3101 1306 3186 tit
1320 3100 1386 3168 tibi
1409 3115 1558 3190 peccata.
1611 3097 1680 3170 Hic
1702 3093 1809 3199 λόγος
1827 3101 1956 3170 deinde
1977 3103 2129 3170 efferndit
2151 3099 2258 3190 spiri-

1264 3216 1337 3274 tum
1352 3215 1531 3284 sanctum,
1556 3202 1616 3295 qui
1634 3201 1800 3272 laetitiam
1817 3215 1852 3272 et
1871 3225 1982 3272 novos
2006 3216 2123 3272 motus
2141 3203 2258 3272 efficit.

1267 3301 1318 3373 lta
1341 3297 1408 3372 hoc
1429 3303 1556 3372 ordine
1576 3303 1682 3372 simul
1705 3316 1787 3372 sunt
1813 3323 1992 3392 personae.
2053 3301 2121 3372 Per
2145 3295 2257 3398 λόγον

1265 3403 1464 3474 ostenditur
1478 3415 1577 3495 pater
1596 3415 1631 3474 et
1646 3406 1750 3474 datur
1772 3405 1919 3494 spiritus
1941 3417 2101 3486 sanctus,
2128 3405 2191 3496 qui
2207 3405 2257 3472 fa-

1266 3505 1313 3575 cit
1336 3519 1369 3574 et
1390 3505 1514 3573 laetari
1537 3529 1598 3575 cor
1618 3505 1656 3572 in
1678 3518 1751 3576 tota
1768 3505 1972 3584 divinitate.
1995 3517 2030 3574 et
2049 3505 2201 3596 impellit
2215 3507 2256 3572 ad

1266 3605 1536 3679 invocationem.
1580 3603 1670 3677 Cum
1688 3605 1796 3695 igitur
1810 3606 2040 3675 describimus
2055 3601 2123 3677 cdv
2138 3599 2257 3701 λόγον,

1266 3707 1327 3776 etsi
1346 3707 1574 3776 rectissimum
1595 3721 1663 3789 est,
1684 3731 1764 3775 eum
1782 3729 1854 3784 esse
1870 3699 1994 3778 stairo
2012 3708 2122 3777 totius
2141 3708 2257 3798 patris,

1267 3824 1383 3878 tamen
1408 3809 1611 3878 addendam
1630 3822 1699 3890 est,
1724 3831 1797 3876 esse
1820 3807 2008 3896 imaginem
2032 3809 2138 3876 nobis
2165 3821 2257 3898 pate-

1268 3912 1411 3992 factam,
1438 3935 1508 4002 quo
1525 3911 1568 3977 ad
1589 3905 1655 3978 hoc
1671 3909 1880 3978 heneficium
1896 3911 1946 3993 de,
1962 3910 2257 3984 reconciliatione.

1269 4024 1520 4080 monstrantem
1544 4005 1635 4079 hanc
1656 4011 1874 4080 volesntatens
1903 4010 2013 4102 patris
2034 4012 2079 4078 de
2103 4010 2258 4080 reconci-

1269 4111 1414 4182 liatione
1431 4127 1464 4182 et
1477 4112 1649 4182 dicentem
1668 4110 1705 4180 in
1723 4111 1825 4182 nobis
1839 4133 1980 4204 quoque
1993 4105 2086 4204 lianc
2103 4111 2258 4181 reconci-

1270 4213 1425 4283 liationis
1440 4212 1614 4285 notitiam.

1310 4343 1313 4348 ¹
1374 4313 1530 4402 Quaeso,
1556 4315 1702 4404 cogitate
1723 4315 1767 4384 de
1787 4309 1854 4384 hac
1874 4325 1968 4384 tanta
1984 4335 2033 4381 re.
2084 4309 2160 4382 Nee
2181 4325 2259 4380 suut

1271 4411 1355 4485 haec
1374 4412 1603 4496 Osiandrica,
1628 4416 1710 4508 quia
1728 4417 1824 4484 aliud
1843 4427 1896 4484 est
1916 4417 1960 4484 de
1983 4413 2141 4498 sectione,
2166 4415 2257 4482 aliud

1272 4521 1314 4586 de
1331 4517 1566 4610 acceptatione
1588 4517 1699 4609 loqui.
1748 4515 1821 4586 Nec
1843 4516 1917 4607 ipse
1941 4539 2110 4606 personas
2132 4517 2259 4584 discer-

1256 4621 1335 4691 uit.
1392 4619 1435 4688 Et
1449 4640 1586 4686 necesse
1603 4631 1671 4701 est,
1697 4611 1788 4684 hane
1801 4619 1905 4686 fidem
1923 4617 2143 4706 praelucere,
2167 4617 2258 4709 quod

1273 4721 1404 4812 placeat
1421 4743 1566 4812 persona
1582 4731 1727 4808 propter
1743 4719 1989 4802 mediatorem,
2014 4713 2130 4786 Deum
2151 4732 2184 4786 et
2199 4713 2259 4784 ho·

1271 4821 1415 4894 minem.
1473 4817 1521 4890 Et
1543 4821 1637 4912 quod
1661 4821 1748 4888 tides
1776 4819 1821 4889 sit
1844 4817 1970 4888 fiducia
2001 4817 2259 4887 misericordiae

1274 4937 1414 5010 propter
1440 4916 1534 4989 lrsrne
1561 4921 1791 4990 mediatorem
1819 4919 2021 5011 promissae.
2080 4913 2128 4987 Et
2154 4919 2259 5009 pluris

1274 5023 1430 5090 facienda
1447 5037 1497 5090 est
1514 5021 1731 5104 obedientia,
1757 5045 1863 5114 quarn
1885 5019 1976 5088 lilius
1992 5018 2085 5110 patri
2102 5032 2258 5110 praestat,

1273 5147 1376 5214 quam
1393 5123 1483 5193 actio
1500 5123 1538 5190 in
1557 5122 1670 5190 nobis.
1705 5119 1845 5211 Quaeso
1861 5122 2009 5210 cogitate
2025 5133 2060 5192 et
2074 5119 2258 5224 rescribite.

1273 5223 1368 5292 Beue
1384 5225 1506 5294 valete.
1560 5221 1668 5296 1552.

1751 5407 1755 5416 ι
1786 5317 1974 5414 Philippus
1990 5315 2212 5393 Melanthea.
