4616 5812
66 225 128 303 m
612 209 1050 328 arrsroueauu
1105 215 1213 293 mn
1249 215 1316 296 rr
1368 215 1512 296 ³ress.
2003 225 2085 302 oro

65 392 251 478 cenantium
292 413 359 464 nec
379 389 456 466 ull'e
476 391 699 485 ambiguitas.
755 391 827 466 Sed
847 394 892 464 da
918 415 1037 464 susce-
1086 385 1195 460 saivc
1220 385 1408 474 doctriua,
1444 408 1554 486 utque
1577 395 1765 485 praecipue
1787 393 1957 488 explicet,
1992 396 2081 490 quid

62 499 164 592 ptiom
180 489 472 588 Adiaphororum
487 509 607 568 tamen
623 497 822 590 discrepant
836 494 979 570 iudicia.
1086 487 1291 586 Adiaphora
1306 494 1487 588 appellite!
1503 519 1521 564 e
1538 497 1730 586 diplomate
1744 497 1953 568 concordiae
1964 495 2082 570 lutcu-

143 594 354 670 Existimant
368 595 474 668 multi
488 621 552 668 vos
568 597 739 671 inclinare
760 601 805 668 ad
819 597 965 668 illorum
979 595 1037 666 iu·-
1085 589 1206 666 bocbii
1225 595 1336 670 factae
1359 621 1466 688 super
1494 597 1800 668 observationibus
1821 595 2079 672 Ecclesiasticis

62 703 151 784 dicia,
165 699 226 794 qui
241 699 442 770 existimant
456 697 567 770 satius
577 725 650 772 esse
660 699 914 772 servitutemin
924 693 1036 770 Adia·
1085 697 1261 768 teutonice
1289 693 1376 770 baeu
1397 699 1505 768 verba
1536 699 1658 770 latinis
1685 700 1868 770 admiscet:
1920 695 2017 774 Uud
2037 699 2078 770 in

60 799 164 898 phocis
178 795 288 887 ferre,
311 825 418 896 quam
435 803 595 873 deserere
610 799 785 874 Ecclesiae
800 783 1036 892 suaspropiter
1084 793 1350 894 Mittddingen
1372 797 1451 872 soii
1467 825 1557 870 man
1582 797 1679 870 alies
1701 795 1849 885 holten,
1876 799 1945 872 svis
1965 825 2004 873 es
2019 797 2085 872 die·

61 928 105 976 res
117 918 182 975 tam
196 903 309 990 leves,
325 904 420 998 quod
435 903 640 974 existimetis
654 897 720 974 hac
732 903 901 976 servitute
913 902 957 972 ab
971 925 1036 972 au·
1084 895 1186 970 alten
1211 893 1371 996 heiligen
1399 899 1516 977 Witer
1542 894 1718 996 gelraiteu
1744 896 1889 1002 baben,
1921 901 2003 974 arud
2019 903 2078 1002 je-

60 1007 96 1076 lis
114 1005 285 1097 imposita·
334 1001 507 1076 Ecclesiae
529 1006 620 1076 bene
640 1006 934 1097 institutasposse
950 1027 1036 1073 con·
1084 1023 1147 1071 nes
1161 998 1199 1072 Τ
1198 997 1278 1073 leil
1284 1003 1440 1102 jetziger
1455 1001 1539 1073 Zeit
1555 999 1651 1073 auch
1667 997 1760 1074 noct
1780 999 1873 1078 add.

59 1107 188 1193 errari,
203 1130 294 1202 quae
308 1106 340 1176 si
354 1106 461 1176 semel
477 1109 732 1195 desererentur,
747 1107 910 1178 venirent
924 1105 1036 1196 inpo-
1092 1153 1095 1158 -
1135 1135 1137 1144 ’
1183 1103 1252 1176 Hic
1269 1129 1397 1200 quaeso
1411 1108 1596 1192 attendite,
1610 1091 1919 1178 observandissimi
1937 1105 2076 1178 domini

60 1221 197 1280 testatem
211 1207 330 1300 Papae
346 1231 562 1302 prorsusque
576 1223 808 1281 vastarentur.
859 1205 1036 1296 Intelligi-
1083 1201 1349 1298 Praeceptum,
1374 1209 1553 1304 quomodo
1576 1209 1696 1280 callidi
1717 1203 1896 1288 homines,
1929 1208 1991 1302 qui
2016 1232 2076 1277 su·
2179 1221 2185 1232 ·

8 1335 9 1338 ’
58 1333 122 1380 mus
142 1305 210 1380 boc
228 1308 501 1382 consiliumniti
520 1311 594 1382 suis
609 1309 821 1406 quibusdam
837 1309 1035 1380 rationibus
1083 1309 1324 1398 perstitiouem
1350 1309 1563 1402 Papisticam
1593 1311 1733 1382 restitui
1766 1311 1930 1402 cupiunt,
1960 1323 2076 1382 vestra

8 1427 9 1430 ’
60 1426 86 1481 et
97 1411 128 1480 id
142 1411 311 1503 spectari,
333 1424 375 1482 ut
393 1411 556 1482 aularum
578 1415 699 1484 favore
715 1426 750 1484 et
766 1411 963 1506 patrocinio
977 1435 1035 1481 re-
1084 1411 1408 1484 verbadeferenda
1426 1411 1646 1484 servitutein
1664 1406 1884 1504 Adiaphoris
1900 1409 2077 1503 interpre-

8 1559 9 1568 η
59 1513 173 1605 liqoiae
188 1509 368 1584 Ecclesiae
383 1513 618 1586 defendantur
634 1529 668 1586 et
684 1513 938 1586 custodiantur
963 1509 1033 1584 Sed
1084 1523 1220 1598 tentur,
1252 1527 1287 1583 et
1308 1515 1395 1608 quid
1421 1528 1591 1608 quaerant
1612 1515 1718 1586 astuti
1751 1513 1809 1584 isti
1837 1511 2077 1584 Interimistici

60 1609 108 1684 hic
126 1613 223 1684 robis
244 1615 353 1686 etiam
382 1627 487 1708 atque
508 1615 612 1688 etiam
645 1615 941 1686 considerandum
974 1628 1035 1700 est,
1083 1614 1344 1698 conciliatores,
1365 1629 1401 1686 et
1417 1639 1523 1710 quam
1537 1615 1639 1688 foede
1654 1639 1717 1686 vos
1731 1616 1929 1686 deforment
1943 1615 2078 1708 ubique

59 1739 146 1810 mam
170 1739 246 1786 non
269 1715 315 1786 sit
337 1727 453 1786 tutum
477 1709 572 1786 hisce
593 1718 799 1788 arundineis
824 1717 958 1788 baculis
977 1717 1035 1786 in·
1083 1726 1257 1784 terrarum
1281 1717 1377 1810 apud
1400 1741 1523 1788 omues
1546 1720 1641 1812 pios,
1666 1731 1910 1812 quantumque
1925 1729 2078 1786 noceant

58 1817 133 1901 niti,
164 1809 201 1888 et·
231 1817 358 1888 aulicis
381 1815 538 1887 consiliis
563 1818 640 1888 sine
663 1819 772 1890 verbo
806 1815 874 1889 Dei
903 1819 1035 1888 vivere.
1082 1812 1260 1886 Ecclesiae
1276 1818 1461 1910 ambiguae
1475 1835 1508 1890 et
1522 1817 1692 1890 flexibiles
1715 1819 1797 1890 illae
1820 1818 2076 1890 seutentiaedc

61 1915 144 2006 Quae
166 1932 361 1988 narrantur
380 1919 425 1986 de
441 1917 609 2002 servitute
629 1919 667 1989 in
684 1913 901 2012 Adiaphoris
916 1919 1034 1990 feren·
1081 1919 1227 1990 ferenda
1240 1920 1408 1992 servitute
1425 1921 1464 1990 in
1480 1916 1697 2014 Adiaphoris
1709 1923 1803 2014 apud
1823 1921 1922 2006 illos,
1947 1919 2079 2013 quibus

60 2020 112 2104 da,
141 2019 336 2108 periculose
361 2019 570 2094 dictasunt.
623 2018 708 2092 Ideo
733 2045 874 2114 necesse
898 2037 966 2107 est,
994 2034 1036 2092 ut
1081 2032 1196 2090 vestra
1221 2022 1383 2092 doctrina
1409 2037 1593 2118 vesterque
1616 2024 1757 2092 animus
1782 2023 1827 2092 de
1853 2017 1911 2090 his
1935 2035 2077 2092 contro-

61 2122 203 2190 doctrina
225 2123 272 2194 de
287 2115 506 2212 Adiaphoris
530 2121 698 2206 distincte
717 2123 910 2214 explicetur
930 2137 963 2193 et
979 2123 1036 2192 di·
1082 2121 1206 2190 versiis
1221 2145 1296 2192 non
1318 2137 1370 2194 est
1384 2125 1468 2194 satis
1482 2138 1703 2216 perspectus,
1724 2115 1762 2192 'et
1776 2136 1949 2216 quantum
1965 2122 2077 2192 animi

60 2238 133 2292 terte
152 2223 339 2310 doceatur,
380 2245 573 2316 quaerere
599 2219 970 2316 acficteAdiaplrora
996 2247 1036 2294 ac
1083 2225 1217 2294 addant
1238 2224 1424 2296 obstinatis
1447 2227 1580 2304 nostris
1598 2223 1825 2309 adversariis,
1864 2225 1927 2318 qui
1949 2247 1994 2294 ne
2020 2223 2078 2314 pi·

60 2323 156 2392 media
170 2338 362 2407 vocentur,
379 2338 413 2393 et
427 2324 557 2417 quibus
572 2323 702 2396 finibus
717 2325 952 2396 includendae
966 2325 1039 2396 sint
1083 2324 1160 2394 lum
1181 2325 1326 2418 quidem
1349 2327 1461 2398 latum
1484 2353 1504 2397 a
1526 2327 1599 2398 suis
1619 2325 1927 2418 superstitionibus
1951 2338 1986 2396 et
2008 2325 2077 2392 im-

60 2448 103 2493 res
116 2426 261 2498 mediae.
312 2422 404 2495 Nam
424 2425 657 2498 conscientiae
680 2428 719 2496 in
734 2427 898 2518 periculis
913 2441 947 2497 et
963 2449 1038 2496 cer·-
1085 2426 1275 2518 pietatibus
1302 2429 1480 2500 discedere
1505 2429 1653 2514 volunt,
1688 2428 1874 2520 solumque
1896 2427 1934 2496 id
1958 2439 2080 2516 agunt,

60 2525 239 2596 tamiuibus
252 2525 405 2596 stabiliri
421 2527 595 2618 ambiguis
612 2541 646 2598 et
661 2528 878 2600 flexibilibus
896 2529 1041 2620 opinio·
1084 2540 1126 2598 ut
1141 2551 1207 2598 nos
1220 2530 1277 2599 vel
1294 2544 1369 2601 arte
1383 2533 1441 2602 vel
1454 2531 1493 2600 vi
1508 2527 1691 2602 retrahant
1706 2530 1745 2598 in
1761 2529 1960 2600 societatem
1976 2549 2076 2596 suam

58 2627 149 2698 nibus
163 2640 360 2721 nequeunt.
413 2626 554 2716 Quibus
570 2643 748 2721 perspecta
772 2642 824 2700 est
844 2646 958 2701 vestra
980 2631 1050 2699 in..
1085 2653 1307 2720 perversam,
1332 2655 1438 2726 quarn
1462 2632 1515 2725 pii
1538 2655 1612 2702 nou
1635 2645 1783 2724 possunt
1805 2653 1880 2700 non
1905 2631 2021 2698 odisse
2044 2641 2079 2700 et

58 2728 183 2816 tegritas
197 2743 234 2800 et
248 2729 375 2820 pietas,
398 2730 453 2798 illi
468 2732 616 2800 candide
630 2727 688 2826 (ut
703 2756 768 2822 par
782 2727 849 2824 est)
865 2731 1040 2823 iuterpre-
1084 2731 1205 2820 fugere
1221 2747 1367 2826 propter
1379 2734 1617 2825 impietatem,
1641 2755 1730 2827 quae
1746 2733 1783 2800 iu
1800 2755 1838 2800 ea
1864 2731 1969 2820 longe
1993 2731 2080 2798 late-

59 2844 182 2916 tantur,
207 2855 300 2924 quae
323 2831 507 2902 consulitis
529 2837 573 2902 de
587 2834 754 2903 servitute
767 2833 806 2902 in
823 2829 1040 2926 Adiaphoris
1087 2857 1155 2925 que
1181 2851 1364 2922 vagantur.
1423 2835 1462 2908 si
1485 2835 1593 2905 vultis
1607 2849 1721 2906 vestro
1745 2828 1876 2902 honori
1900 2845 1933 2902 et
1955 2827 2080 2900 Eccle-

59 2931 206 3012 lerenda‚
251 2946 456 3024 vestraeque
486 2934 679 3004 sententiae
711 2934 1038 3026 interpretationem
1086 2938 1157 3005 siae
1178 2930 1312 3006 Christi
1334 2949 1426 3007 recte
1448 2937 1667 3021 consultum,
1691 2933 1993 3026 operaepretium
2017 2946 2081 3016 est,

60 3046 189 3104 sumunt
207 3057 252 3102 ex
266 3034 390 3102 vestris
406 3033 524 3120 libris,
540 3031 792 3126 exAugustana
809 3036 1040 3121 confessione,
1087 3051 1128 3108 ut
1142 3037 1302 3108 doctriua
1318 3052 1431 3116 vestra
1448 3061 1545 3110 nuuc
1561 3025 1678 3108 denuo
1695 3040 1738 3108 dc
1751 3029 1969 3126 Adiaphoris
1983 3055 2080 3102 novo

62 3129 319 3204 Smalcaldianis
342 3135 676 3220 deliberationibus,
696 3159 743 3206 ex
764 3137 910 3228 epistola
935 3159 1041 3230 super
1087 3138 1219 3230 scripto
1244 3141 1423 3232 proposito
1455 3140 1673 3232 publicetur,
1705 3162 1777 3234 quo
1811 3137 1996 3206 diluantur
2022 3157 2082 3204 ca-

59 3227 113 3304 hac
132 3233 507 3326 reNoribergeusibus
529 3236 734 3308 Pastoribus
751 3239 898 3330 scripta,
923 3263 963 3309 ex
980 3263 1041 3308 ve-
1087 3239 1343 3312 lumniatorum
1368 3243 1551 3313 mendacia
1582 3255 1616 3311 et
1641 3237 1819 3312 Ecclesiae
1845 3249 1938 3308 recte
1963 3233 2082 3304 infor-

60 3347 136 3406 suae
147 3331 331 3408 Ecclesiae
353 3338 482 3408 ritibus
504 3353 540 3409 et
555 3340 635 3409 aliis
649 3339 804 3425 iudiciis,
828 3363 917 3434 quae
933 3339 1042 3411 vestri
1088 3354 1231 3411 mentur
1246 3343 1291 3412 ds
1306 3345 1543 3416 controversia
1557 3367 1675 3414 rerum
1692 3339 1890 3412 mediarum
1909 3361 1948 3408 ac
1970 3337 2083 3406 indif-

60 3437 156 3508 animi
171 3451 379 3532 vestraeque
395 3441 587 3510 scrutentiae
608 3455 691 3512 sum
711 3455 826 3512 testes.
1087 3442 1297 3528 ferentium,
1328 3467 1395 3514 nec
1415 3444 1575 3536 poteritis
1600 3465 1695 3514 nunc
1712 3443 1787 3514 ullo
1812 3441 1929 3511 officio
1953 3438 2085 3508 melius·

146 3536 223 3610 Alii
246 3555 365 3612 autem
389 3543 612 3634 suspicantur
630 3542 667 3610 in
683 3542 926 3636 praesentibus
947 3543 1043 3634 peri·
1088 3546 1215 3614 mereri
1243 3541 1456 3616 deEcclesia
1470 3541 1602 3618 Christi
1620 3569 1725 3640 quarn
1747 3541 1920 3614 eiusmodi
1938 3539 2082 3630 scripto.

58 3641 133 3710 culis
159 3641 318 3733 priorem
350 3657 500 3712 vestram
529 3645 739 3714 sententiam
766 3659 935 3715 mutatam
957 3667 1043 3725 csse,
1089 3642 1324 3736 Agnoscimus
1346 3661 1501 3718 nostram
1517 3644 1711 3718 Ecclesiam
1727 3667 1833 3732 opera
1848 3655 1961 3712 vestra
1976 3641 2082 3710 adiu-

59 3737 184 3836 iamque
211 3743 295 3834 plus
325 3742 364 3812 in
389 3739 607 3838 Adiaphoris
628 3746 775 3816 concedi
797 3770 904 3840 quam
929 3760 1043 3816 antea.
1090 3763 1163 3819 tam
1187 3771 1259 3818 esse
1277 3749 1317 3818 in
1341 3747 1542 3842 recipienda
1566 3748 1725 3832 coelesti,
1750 3768 1840 3838 pura
1863 3767 1903 3812 ac
1917 3765 1998 3812 vera
2016 3743 2085 3811 do-

58 3835 142 3914 llaec
164 3845 294 3914 callide
325 3843 364 3912 in
395 3847 588 3918 multorum
613 3871 714 3917 aures
743 3847 971 3936 ingeruntur,
1003 3859 1044 3918 ut
1088 3850 1220 3930 ctrina,
1237 3873 1342 3944 quam
1358 3867 1393 3924 et
1405 3851 1485 3922 utili
1504 3863 1538 3922 et
1552 3849 1744 3918 necessaria
1758 3843 2009 3916 reformatione
2022 3845 2084 3912 σι·-

60 3965 112 4012 ccu
125 3969 186 4035 per
200 3945 388 4016 cuniculos
403 3941 459 4016 his
475 3948 564 4018 fucis
579 3949 774 4018 adversarii
789 3949 937 4018 ulterius
952 3949 1044 4018 irre·
1089 3953 1222 4037 nastis,
1243 3954 1282 4021 iu
1306 3977 1393 4046 qua,
1418 3954 1500 4046 quia
1525 3975 1590 4022 uos
1612 3951 1729 4042 posuit
1741 3947 1778 4020 S.
1795 3945 1946 4018 Sanctus
1963 3945 2084 4036 inspe-

60 4047 187 4134 partin
209 4059 351 4117 nostras
368 4043 561 4134 Ecclesiae,
582 4063 802 4144 utunturque
818 4051 966 4128 consilio
982 4075 1044 4119 ve·
1089 4067 1221 4138 stores,
1245 4055 1292 4124 ob
1305 4055 1342 4122 id
1358 4077 1496 4147 semper
1508 4053 1612 4124 nobis
1626 4071 1783 4122 summae
1805 4047 1908 4119 curae
1929 4047 2019 4130 fuit,
2043 4059 2085 4116 ut

61 4159 122 4215 stro
142 4149 185 4218 dc
206 4149 355 4218 ferenda
377 4149 546 4220 servitute
566 4151 606 4220 iu
624 4145 841 4242 Adiaphoris
864 4153 908 4221 ad
933 4153 1045 4221 stabi·
1091 4155 1347 4236 custodiremus
1368 4170 1524 4252 vestrum
1550 4155 1644 4248 apud
1667 4175 1733 4224 nos
1760 4143 1976 4242 depositum,
2014 4142 2084 4216 hoc

59 4243 183 4318 licndas
197 4273 324 4320 omnes
338 4275 418 4320 suas
433 4253 648 4344 corruptelas
663 4266 699 4324 et
713 4251 963 4326 idolomanias.
996 4249 1046 4324 Et
1091 4269 1160 4340 est,
1184 4268 1225 4325 ut
1246 4279 1533 4328 conservaremus
1554 4257 1743 4349 puritatem
1763 4251 1944 4323 doctrinae
1965 4262 2001 4318 et
2021 4271 2084 4316 ven

60 4363 94 4418 ut
114 4375 151 4420 ex
172 4350 284 4422 unius
309 4346 446 4421 Isiebii
467 4354 693 4424 cavillatione
714 4356 758 4423 de
779 4353 927 4446 reliquis
947 4354 1044 4424 iudi·
1091 4381 1172 4427 rum
1185 4353 1253 4427 Dei
1269 4359 1404 4430 cultum
1426 4361 1466 4429 in
1481 4356 1648 4430 Ecclesiis
1669 4356 1751 4426 fidei
1764 4365 1903 4424 nostrae
1918 4349 2086 4421 commis-

62 4449 142 4520 rium
156 4453 314 4536 faciatis,
329 4477 403 4523 nou
417 4455 645 4543 gravabimur
657 4450 716 4524 hic
733 4455 942 4541 asscribere,
957 4479 1046 4547 quae
1091 4459 1150 4532 sis.
1198 4457 1302 4530 Nunc
1317 4485 1424 4547 vero,
1449 4463 1532 4557 quia
1547 4460 1674 4551 passim
1688 4455 1854 4527 incidunt
1871 4451 2085 4522 mutationes

62 4553 179 4638 passim
197 4577 240 4622 ex
253 4555 401 4645 epistola
417 4551 555 4626 Isiebii
571 4551 630 4626 hic
644 4569 876 4646 sparguntur,
898 4557 1047 4649 quibus-
1092 4573 1127 4630 ct
1149 4555 1329 4634 Ecclesiae
1346 4586 1448 4634 verae
1469 4587 1510 4632 ex
1530 4559 1677 4633 interim
1703 4559 1752 4630 ita
1774 4555 2085 4634 transformantur,

62 4675 121 4744 que
135 4654 326 4746 exponitur
342 4669 455 4726 vestra
470 4658 642 4728 sententia
659 4661 703 4726 de
718 4657 886 4728 servitute
901 4659 1046 4730 ferenda
1091 4685 1154 4734 seu
1183 4661 1302 4752 potius
1331 4665 1573 4734 deformantur
1581 4687 1590 4750 3
1625 4674 1666 4733 ut
1696 4661 1781 4730 inde
1802 4657 1958 4751 pericula
1979 4652 2085 4722 noxia

63 4751 95 4820 iu
116 4751 342 4846 Adiaphoris.
391 4756 516 4829 Bonus
534 4757 595 4828 ille
617 4759 673 4828 vir
689 4759 831 4844 scribit,
856 4757 1048 4830 Saronicus
1093 4777 1128 4834 et
1151 4766 1354 4836 seandalosa
1379 4765 1568 4836 certamino
1591 4763 1760 4835 oriantur-
1775 4762 1992 4832 inter·veros
2011 4749 2084 4823 Ec-

66 4867 94 4923 et
108 4853 374 4946 Vitebergeuses
396 4855 599 4949 Theologos
619 4861 725 4951 plane
746 4860 983 4947 consensisse,
1008 4862 1048 4930 in
1094 4865 1217 4936 clasiae
1233 4868 1394 4938 ductores
1415 4882 1450 4938 et
1465 4880 1640 4960 pastores,
1662 4864 1793 4958 quibus
1814 4858 2084 4930 coniuncturum

65 4951 298 5045 Angustanam
327 4958 517 5029 editionem
549 4985 569 5029 a
599 4955 746 5032 Caesare
777 4963 1048 5056 promulgatam,
1092 4963 1330 5038 Ecclesiamm
1354 4991 1500 5040 concors
1523 4964 1708 5037 harmonia
1730 4979 1766 5036 et
1787 4957 1970 5032 doctorum
1985 4956 2091 5026 viros·

67 5071 159 5148 atque
175 5061 282 5128 etiam
305 5059 343 5128 in
364 5059 479 5151 ipsum
503 5058 686 5132 Canonem
706 5066 756 5134 sic
781 5063 865 5133 satis
881 5087 1049 5155 repurga-
1093 5093 1172 5138 rum
1194 5091 1385 5142 consensus
1406 5071 1554 5141 omnino
1579 5067 1804 5150 dissolvitur,
1826 5059 1998 5153 nervique
2013 5053 2085 5130 Ec·

69 5170 145 5226 tum.
192 5159 262 5230 His
275 5161 415 5232 subiicit
431 5175 465 5232 et
479 5157 567 5232 haec
580 5165 705 5248 verba,
730 5187 824 5234 unus
840 5169 1049 5259 praecipuus
1095 5170 1304 5242 clesiasticae
1330 5173 1538 5244 concordiae
1552 5181 1779 5262 rumpuntur.
1827 5157 1913 5234 ldco
1938 5183 1985 5231 ne
2006 5183 2086 5252 gra·

70 5281 104 5325 er
117 5255 305 5352 'l'heologis
323 5261 636 5354 Vitebergeusibus
656 5267 804 5358 scripsit
815 5267 861 5336 ad
881 5270 1050 5338 amicum:
1096 5273 1174 5342 vius
1188 5273 1228 5342 in
1243 5269 1308 5344 bac
1324 5289 1421 5366 parte
1437 5274 1680 5346 sauciarentur
1693 5267 1889 5339 multorum
1904 5261 2087 5335 conscieuss

73 5352 148 5452 Ego
166 5385 241 5432 uon
267 5384 387 5432 recuso
403 5362 508 5464 se‘rre
531 5363 736 5438 servitutem
761 5363 800 5436 in
822 5361 1051 5468 Adiaphoris
1096 5374 1182 5459 tiae,
1206 5389 1240 5448 ct
1254 5399 1299 5446 ne
1315 5377 1401 5468 quid
1417 5399 1515 5448 aecus
1530 5387 1691 5465 ageretur
1705 5397 1723 5442 a
1738 5369 1843 5442 uobis
1859 5390 1964 5464 quam
1978 5386 2087 5458 opor·

123 5465 294 5534 Merene.
318 5467 422 5561 Oret,
448 5469 532 5538 Vos..
546 5469 620 5537 Vll.
647 5481 651 5494 '
1089 5525 1094 5538 1
1328 5473 1378 5547 24
2172 5465 2175 5472 1
