4642 5808
56 227 111 308 ill
610 205 1044 300 EPISTOLARUM
1094 203 1199 286 utu.
1222 203 1287 286 xt.
1342 201 1474 284 tots.
1957 202 2055 281 2242

131 395 179 472 De
215 390 363 468 historia
400 379 709 496 Melchisedech')
748 391 923 486 responde
1065 380 1178 452 riatur
1197 392 1231 452 et
1247 376 1491 464 distribuitur,
1517 389 1551 450 et
1566 399 1724 451 summus
1738 379 1900 452 sacerdos
1915 377 1990 472 ipse
2005 389 2058 450 est

56 500 162 578 edamsi
181 498 385 570 convivium
406 498 497 570 illud
511 510 617 592 typus
635 497 723 568 essct
736 491 875 568 Coenac
888 491 1017 566 Domi·
1065 484 1196 556 efficax·
1225 480 1394 572 'Sempe'
1408 479 1563 574 iliquem
1578 495 1718 552 ⁰⁰²l⁰m
1731 505 1794 552 ⁸¹¹³
1810 482 1967 575 P⁰l⁶¹¹fi³
1983 503 2060 552 Ἦ·

56 607 95 692 ni,
115 617 222 674 ymen
236 599 320 670 inde
335 622 410 671 non
426 600 526 694 ,equi
540 599 580 668 in
595 593 663 670 hoc
678 599 750 669 filu
765 596 952 682 meritum,
976 603 1017 664 ut
1064 597 1144 670 vat,
1164 595 1200 652 et
1216 583 1363 674 colligit,
1388 595 1423 653 et
1438 582 1477 650 in
1492 576 1560 652 hoc
1574 596 1676 654 coetu
1689 597 1807 655 tuetur
1823 583 2059 654 ministerium

55 703 96 777 lle
115 701 378 796 applicationem
399 724 462 772 eeu
485 700 702 772 oblationem
719 698 844 770 dicunt
857 719 922 788 pro
938 693 1018 764 aliis
1064 681 1271 784 Evangelii,
1295 683 1414 756 reddit
1427 682 1609 770 iustitiam,
1634 694 1669 754 et
1684 683 1794 754 vitam
1810 697 1988 755 aeternam
2003 683 2059 768 iis,

55 806 111 876 leri
128 815 303 896 oportere,
333 803 396 872 sed
412 801 561 898 propior
578 815 629 874 est
642 801 757 892 imago
772 794 1018 870 distributioni
1066 786 1129 882 qui
1144 799 1399 857 convertuntur
1413 785 1459 854 ad
1474 783 1616 870 Deum,
1641 797 1677 856 el
1688 785 1734 854 ab
1747 779 1805 854 his
1817 787 1894 856 vuli
1906 782 2059 876 agnoscis

53 904 282 988 eommtioni,
304 907 510 997 pracsertim
527 927 609 974 cum
622 903 662 974 in
676 915 773 973 textu
786 923 862 970 non
877 898 924 970 sit
937 919 1019 968 ver·
1066 902 1100 960 et
1121 887 1299 972 invocari,
1323 885 1402 957 vult
1422 885 1492 954 fide
1514 885 1624 977 accipi
1646 877 1733 956 haec
1754 886 1934 961 beneficia.
1983 885 2060 958 lla-

52 1011 117 1080 born
135 1005 326 1090 offerendi,
358 1007 420 1076 sed
445 1005 594 1099 protulit
615 1027 677 1076 seu
691 1000 878 1100 proposuit
891 1020 1017 1093 panem
1065 1013 1147 1060 rum
1162 989 1394 1058 maximarum
1408 1009 1527 1058 rerum
1542 986 1703 1058 doctrina
1719 988 1777 1056 vel
1792 987 1978 1074 omittitur,
2002 986 2060 1056 vel

52 1110 195 1180 etvinum
210 1105 268 1177 uti
282 1105 465 1193 convivis.
1067 1091 1325 1180 corrumpitur,
1363 1109 1444 1159 cum
1473 1089 1613 1174 laudes,
1649 1088 1886 1173 ceremoniae,
1924 1104 1959 1161 ct
1983 1086 2060 1182 typi

128 1206 352 1278 Athin-amur
372 1219 408 1279 ee
429 1207 519 1277 2150,
537 1218 640 1301 typo,
656 1205 701 1275 ad
718 1197 811 1274 hane
826 1200 1020 1273 sacratlsai.
1067 1187 1305 1276 cumulantur,
1325 1188 1402 1260 sinc
1417 1189 1578 1262 doctrina
1594 1190 1639 1258 de
1652 1211 1736 1258 vero
1750 1213 1818 1260 usu
1830 1187 2061 1264 sacramenti.

51 1333 123 1379 nam
139 1307 293 1380 Coenam
310 1308 570 1379 accommodari
585 1329 696 1398 posse.
748 1303 798 1378 Ut
815 1306 913 1376 adest
926 1302 1020 1373 lilius
1168 1304 1223 1378 De
1248 1301 1446 1392 Malacha,
1487 1305 1747 1378 cavillationem
1773 1305 1915 1377 Sidonii
1943 1306 2063 1376 mirati

50 1408 100 1482 Dei
117 1406 284 1479 inCoeua
299 1403 486 1494 Abrahae,
518 1408 569 1478 ita
590 1403 674 1478 huic
689 1403 830 1480 Coenae
847 1405 962 1489 adest,
986 1417 1021 1475 et
1068 1431 1206 1493 sumus,
1231 1409 1294 1502 qui
1311 1407 1375 1480 ait:
1407 1401 1497 1480 Non
1539 1427 1616 1477 osse
1632 1400 1768 1476 dictum
1782 1400 2006 1478 Malachiae
2019 1401 2064 1476 de

50 1513 167 1604 pridem
187 1509 376 1580 nosefficit
392 1509 550 1580 membra
566 1531 640 1584 sua.
692 1505 1021 1578 Notumestautem
1068 1503 1262 1604 sacrefictis
1285 1503 1405 1580 cordis
1427 1429 1607 1601 iatesss'gi,
1640 1505 1731 1606 quia
1753 1515 1838 1580 tune
1858 1529 1999 1606 quoque
2022 1507 2062 1576 in

49 1613 218 1703 prudenter
244 1609 423 1681 faciendas
453 1632 528 1681 esse
551 1609 639 1682 tales
666 1607 1022 1693 accommodationes,
1070 1609 1239 1681 omnibus
1258 1607 1431 1705 gentihus
1456 1601 1723 1712 offerebantur,
1747 1603 1816 1680 sed
1832 1604 1875 1679 de
1897 1633 1991 1679 noea
2008 1632 2064 1679 ee-

50 1737 83 1780 ne
101 1713 179 1805 quid
202 1735 244 1781 er
266 1723 350 1806 typo
372 1723 570 1797 extruetur,
595 1710 692 1806 quod
712 1706 760 1780 sit
773 1707 930 1780 alienum
946 1731 966 1780 a
982 1731 1022 1778 re
1070 1710 1234 1784 remoaia
1257 1705 1419 1782 nondam
1443 1718 1532 1780 nota
1551 1707 1734 1804 gentibus.
1783 1707 1861 1784 Hoc
1883 1705 2063 1800 sophisma

50 1814 231 1903 significata.
1070 1815 1259 1903 indignum
1275 1825 1327 1883 est
1344 1809 1450 1883 huius
1467 1833 1607 1881 caussae
1622 1810 1877 1906 magnitudine.
1926 1811 2065 1906 Loqui-

127 1912 213 1984 Erai
242 1907 505 1990 Melchisedech
532 1935 637 1982 verus
659 1907 837 1982 Ecclesiae
860 1905 929 1980 Del
954 1905 1023 1978 Pa·
1069 1928 1129 1986 tur
1143 1909 1341 1985 Malachias
1364 1915 1408 1983 de
1429 1907 1585 1982 Ecclesia
1606 1913 1801 2002 colligenda
1828 1915 2065 2004 exgentibus,

50 2030 121 2100 tior,
143 2029 176 2086 el
198 2038 302 2086 veros
326 2016 442 2086 tullus
462 2013 701 2104 intelligebat,
729 2011 792 2106 qul
804 2010 943 2081 ellamsl
957 2009 1023 2078 all·
1070 2029 1111 2088 ut
1131 2015 1232 2110 loqui
1248 2016 1362 2085 solent
1375 2007 1574 2103 Prophetae
1589 2014 1634 2082 de
1648 2016 1767 2084 sutura
1784 2015 1941 2106 gentium
1959 2037 2064 2084 voca..

51 2117 183 2208 querite
196 2117 328 2205 gratias
341 2118 476 2206 agebat,
496 2129 614 2188 tamen
630 2114 666 2184 id
683 2137 772 2204 opus
786 2111 928 2195 sciebat,
948 2132 1022 2179 non
1071 2117 1185 2202 tione,
1226 2129 1260 2186 et
1291 2115 1535 2207 complectitur
1563 2138 1685 2183 vocem
1708 2111 1913 2205 Evangelii,
1943 2139 2064 2184 veram

49 2219 154 2287 mereri
173 2217 253 2286 aliis
277 2217 537 2300 remissionem,
562 2239 628 2285 nec
652 2237 726 2284 esse
750 2211 1022 2305 applicationem
1072 2217 1349 2301 invocationem,
1382 2228 1416 2284 et
1441 2215 1530 2284 alios
1553 2215 1679 2287 cultus.
1736 2213 1832 2285 Hinc
1854 2239 1928 2284 non
1950 2229 2065 2306 potest

49 2341 98 2407 pro
117 2319 210 2402 aliis,
239 2321 299 2388 sed
316 2341 390 2388 esse
406 2317 598 2408 gratiarum
616 2315 811 2398 actionem,
836 2325 870 2383 et
886 2311 1023 2382 confes·
1071 2319 1162 2389 effici
1182 2317 1398 2389 oblationem
1417 2317 1456 2384 in
1470 2310 1539 2385 hoe
1551 2314 1625 2386 ritu
1639 2339 1704 2408 pro
1721 2316 1801 2387 aliis
1818 2317 2064 2409 applicandam

50 2417 180 2502 sionem,
216 2441 288 2512 qua
316 2418 390 2510 ipse
415 2417 633 2504 declarabat,
665 2415 876 2486 secundem
899 2435 1022 2482 verum
1071 2443 1156 2494 esse,
1641 2457 1644 2464 .

49 2519 144 2588 Deum
158 2522 327 2590 invocare
344 2532 379 2589 et
394 2521 528 2604 colere,
555 2541 660 2611 quem
677 2517 866 2586 invocabat
882 2527 916 2584 et
930 2513 1023 2583 cole·
1175 2533 1343 2630 lnprpmps
1366 2559 1450 2608 vero
1466 2533 1654 2628 plamflfile
1670 2547 1722 2605 est
1735 2528 1766 2630 ⁸)
1774 2587 1785 2619 ‚
1817 2537 1914 2628 quod
1930 2537 1974 2605 de
1989 2535 2066 2628 lugi

49 2619 94 2690 hat
112 2615 303 2692 Abraham·
362 2617 413 2738 Hi
438 2621 525 2689 fines
549 2619 588 2688 in
599 2617 812 2736 sacrificiis,
836 2613 1023 2734 JssV00ill⁰
1055 2637 1241 2708 ¹sacrificio
1258 2637 1446 2709 obiiciunt:
1477 2629 1571 2704 Fuit
1584 2633 1667 2728 iuge
1680 2629 1903 2728 sacraficium
1921 2635 1960 2705 s'o
1978 2613 2066 2732 lege,

49 2721 101 2790 lde
128 2725 275 2806 ardema
315 2733 508 2811 firmarum
542 2731 653 2800 ‘'¹⁰¹¹0s
697 2719 869 2834 ⁶⁰¹¹f0⁵³¹9
899 2737 1023 2784 velum
1074 2745 1112 2807 ut
1135 2745 1223 2808 esses
1244 2733 1458 2836 quotidiani
1479 2733 1681 2805 ministerii
1699 2759 1840 2810 nervus.
1868 2734 1928 2808 Sis
1950 2735 2067 2832 s'gs'tus·

47 2817 142 2941 Deum
155 2835 359 2894 mimmius
375 2823 608 2916 ”Pielifllufs
633 2833 666 2890 0²
681 2833 878 2912 iddsedalm
893 2817 937 2886 ἃᾶ
953 2811 1026 2886 Ec·
1073 2861 1169 2908 nunc
1202 2861 1342 2938 quoque
1372 2834 1448 2908 tale
1481 2831 1714 2926 sacrificium.
1782 2835 2066 2928 Respondemus,

48 2923 178 3002 clettam.
451 3022 461 3041 ·
492 3023 502 3042 ι
702 3015 715 3030 ,
840 2991 845 3004 .
927 3017 936 3038 ι
1072 2939 1153 3010 Non
1170 2941 1319 3010 dubium
1335 2963 1418 3024 esse,
1441 2940 1528 3034 quin
1546 2939 1619 3027 iugi
1636 2937 1804 3008 sacrificio
1821 2963 1901 3009 vere
1915 2955 1947 3010 et
1964 2941 2066 3034 prin·

127 3023 372 3097 Removeatur
402 3047 554 3141 opium,
577 3033 714 3114 gestum
745 3042 819 3138 esse
848 3031 1026 3139 meritum,
1073 3041 1233 3134 cipayster
1250 3041 1465 3132 ,pgnfficefflr
1479 3041 1664 3132 proprium
1680 3039 1745 3109 filii
1759 3037 1827 3109 Dei
1844 3041 2066 3119 sacrificium,

47 3137 93 3194 ⁸¹¹¹
111 3127 383 3218 “Pillfflllfflffm
408 3149 473 3217 1)Γο
495 3125 591 3207 ³¹¹¹⁸s
621 3124 680 3192 led
703 3122 773 3192 fide
791 3121 860 3190 ⁸¹b¹
875 3143 1025 3214 (iumlue
1074 3136 1197 3232 Agnus
1212 3157 1396 3242 crematus,
1422 3155 1527 3236 typus
1540 3141 1609 3212 tuis
1625 3141 1748 3212 mortis
1762 3139 1922 3216 fitiiltei.
1955 3141 2066 3214 Liba-

47 3227 179 3316 8ΡΡῙῖῑθῑ
213 3228 480 3320 P¹⁰ml⁵⁸l⁰¹¹⁰⁸·
534 3221 740 3294 D⁰¹⁸¹¹d¹¹¹¹¹
769 3236 821 3292 ‘Sl
846 3235 964 3291 amem
987 3221 1026 3289 5¹¹
1074 3243 1134 3325 tio,
1160 3259 1196 3316 et
1209 3243 1286 3313 vini
1301 3243 1425 3314 effusio
1440 3258 1543 3338 typus
1559 3255 1660 3314 erant
1674 3239 1873 3334 Evangelii,
1897 3255 1932 3314 et
1945 3245 2067 3316 distri-

47 3329 210 3399 mentione
234 3328 423 3398 sacerdotii
440 3317 704 3395 Melchisedech
723 3323 766 3393 de
783 3346 873 3414 pane
889 3336 922 3392 et
939 3321 1025 3391 vino
1074 3342 1241 3419 butsonis,
1291 3340 1339 3415 Ep
1361 3367 1484 3414 ,emm
1508 3343 1612 3413 eslf„
1626 3339 1959 3415 Ecclesiaomnium
1975 3361 2067 3417 sem.

47 3439 102 3494 tam
116 3431 228 3499 multa
245 3430 334 3514 dici,
360 3427 477 3498 omitti
490 3449 574 3496 vero
588 3424 785 3517 principale
798 3423 954 3493 officium
969 3447 1026 3492 sa-
1073 3468 1199 3537 porum
1224 3445 1372 3517 ,micum
1395 3468 1468 3518 ωε
1491 3445 1571 3536 iuge
1598 3444 1824 3530 sacrificium,
1864 3450 1960 3538 quod
1984 3472 2066 3518 vm

47 3529 192 3615 cerdatii,
220 3532 318 3624 quod
343 3529 382 3598 in
401 3541 497 3600 textu
516 3540 735 3610 recensetur,
761 3537 795 3595 et
810 3524 850 3592 in
865 3521 1024 3614 Epistola
1073 3545 1142 3616 fust
1168 3547 1319 3638 pretium
1343 3571 1408 3638 pm
1429 3546 1554 3631 nobi„
1591 3547 1723 3616 ,cilicet
1747 3547 1956 3616 sacrificium
1982 3571 2066 3638 pro,

47 3625 273 3701 sdllchraeos
294 3631 511 3712 illustratur,
544 3627 708 3696 videlicet
728 3625 1024 3698 benedictionem.
1075 3646 1191 3738 prtum
1213 3647 1280 3716 filii
1302 3645 1389 3733 Dei,
1416 3649 1512 3742 quod
1536 3647 1753 3737 ,pgnifieafflr
1775 3648 1952 3717 sacrificii,
1974 3674 2066 3744 quo„

47 3721 113 3799 ldeo
146 3731 246 3803 lilius
267 3729 336 3801 Dei
370 3745 422 3801 est
455 3729 617 3798 sacerdos
643 3729 837 3798 secundum
861 3726 1024 3797 ordinem
1074 3771 1295 3842 „memque
1316 3761 1529 3842 temporum,
1581 3747 1652 3819 Nec
1673 3760 1791 3817 tamen
1813 3749 1976 3840 displicet
1997 3775 2065 3820 no-

46 3824 131 3916 Levi,
157 3834 245 3926 ‘1⁰5³
266 3831 465 3913 benedicit,
491 3843 593 3898 ⁵⁰¹¹³i
616 3852 738 3898 V⁰⁶²¹¹¹
761 3825 1024 3898 ‘⁰⁰⁰nffll3l50·
1074 3849 1138 3934 bis,
1162 3863 1286 3944 typum
1302 3852 1576 3934 accommodare,
1596 3852 1641 3920 ad
1656 3843 1747 3921 hanc
1763 3861 1874 3920 totam
1890 3853 2065 3922 actionem

46 3930 87 3996 nis
109 3933 272 4017 divinae,
301 3947 336 4003 et
359 3931 477 4002 reddit
502 3929 691 4015 iustitiam,
723 3929 905 4012 etvitam,
932 3929 1023 3998 etin
1074 3953 1113 4020 pn
1134 3947 1255 4021 Com„¹
1276 3949 1435 4025 Domini·
1484 3949 1575 4022 Nam
1598 3965 1630 4022 ,p
1652 3951 1741 4021 ,pyus
1765 3951 1839 4042 ipse
1862 3966 1912 4023 ,sp
1934 3977 2065 4023 nervus

45 4035 223 4106 sacerdotio
239 4031 553 4104 noviTestarnenti
569 4026 653 4100 haec
668 4031 868 4102 benedictio
883 4053 1025 4102 annun·
1076 4051 1205 4142 publici
1230 4053 1436 4137 mpn5„„55‚
1462 4067 1496 4123 ,t
1518 4064 1657 4141 oportet
1680 4051 1732 4120 phi
1754 4051 1830 4122 fier,
1847 4057 2064 4124 recordatio„

44 4179 249 4206 ·-—-·-
1074 4175 1173 4238 nem,
1199 4149 1268 4224 hoc
1282 4165 1352 4239 est,
1378 4153 1497 4224 doceri
1509 4149 1715 4239 Ecclesiam,
1738 4155 1860 4225 etheri
1875 4179 1992 4227 veram
2007 4156 2064 4224 in-

70 4271 95 4340 8)
110 4274 162 4331 Pro
176 4287 240 4332 toto
254 4277 308 4332 boe
322 4276 402 4332 locos
420 4277 456 4330 rie
469 4274 588 4328 hr'stors'ss
598 4271 800 4328 Melchisedech
814 4279 876 4331 etc..
896 4288 981 4342 osque
990 4269 1024 4326 ad
1083 4318 1304 4336 ...-...-.-

98 4347 171 4402 rerba
186 4346 278 4400 inis-ss
296 4347 342 4400 De
354 4344 497 4400 Malachiae
510 4353 571 4408 etc„
586 4342 615 4396 in
629 4341 769 4395 codicibus
783 4349 888 4392 tantum
904 4339 969 4396 baec
982 4339 1022 4392 le·
1658 4365 1661 4376 ·

98 4427 211 4481 gunturr
249 4413 333 4483 „Nec
362 4413 514 4480 eremplum
540 4407 724 4464 Melchisedech
753 4407 833 4462 nobis
856 4409 1023 4462 adversatur.
1106 4407 1134 4478 9)
1154 4404 1303 4462 Prohiset
1318 4415 1595 4479 quaeseqtsunturos
1616 4407 1731 4463 ueinl'ra
1747 4407 1780 4462 ad
1796 4409 1889 4466 verber
1910 4409 2063 4480 Reliquum

96 4481 173 4548 „Eut
189 4483 333 4555 disputent
349 4481 410 4547 elii,
435 4481 517 4532 verbs
532 4497 589 4532 non
602 4476 678 4597 lopui
692 4475 725 4530 de
737 4476 875 4530 oblatione
887 4477 920 4530 ad
934 4475 1024 4530 Deum
1141 4485 1183 4528 est
1196 4485 1226 4528 ut
1237 4478 1367 4532 dieamus
1378 4484 1440 4543 ete„
1454 4477 1481 4528 in
1495 4476 1575 4532 codd.
1587 4494 1601 4528 a
1614 4477 1637 4530 ia
1650 4475 1786 4548 leguntur,
1807 4476 1889 4535 baeer
1906 4481 2062 4550 „Hactenus

97 4551 204 4618 „laem
230 4561 402 4605 tamencum
418 4547 622 4602 usitatissimum
651 4545 720 4601 uerit
733 4544 820 4599 iacere
836 4543 979 4599 libationes
993 4545 1023 4598 irs
1122 4580 1126 4588 -
1141 4543 1345 4614 „refutavimus
1358 4543 1515 4616 opinionem
1531 4551 1563 4597 de
1576 4545 1770 4616 applicatione,
1787 4565 1867 4618 quarn
1882 4567 1937 4603 non
1952 4549 2062 4603 dubita·

97 4618 253 4686 „omnibus
270 4617 407 4673 consitiis
426 4616 555 4688 piorum,
581 4614 703 4668 existimo
720 4623 747 4667 et
760 4613 798 4666 ibi
810 4613 965 4668 libationem
979 4611 1023 4665 la·
1141 4631 1226 4683 „mus
1245 4613 1416 4668 reiiciendsm
1439 4629 1504 4668 esse.
1546 4611 1616 4666 con
1637 4624 1727 4668 autem
1750 4617 1942 4674 commenticia
1960 4619 1995 4673 sit
2016 4616 2062 4672 illa

97 4697 190 4752 „ctam
209 4705 288 4757 csse,
312 4697 352 4740 et»
375 4685 443 4740 lacet
464 4683 528 4738 mihi
550 4681 688 4736 transferri
701 4699 759 4734 esm
772 4682 806 4734 ad
819 4680 1022 4753 significandam
1142 4679 1326 4754 „applicatim
1345 4679 1515 4734 manifestum
1531 4692 1584 4745 est,
1603 4679 1631 4734 in
1648 4681 1776 4738 Ecclesiis
1788 4685 1871 4737 ritum
1884 4705 1983 4741 coenae
1997 4688 2061 4741 Do-

97 4775 237 4824 „coenam
257 4755 374 4808 domim.
408 4753 462 4808 Sed
482 4751 614 4822 significat
626 4750 678 4804 tale
689 4748 871 4819 sacrificium,
892 4750 970 4820 quale
983 4759 1023 4802 est
1141 4749 1234 4822 „utini
1248 4751 1385 4818 integrum
1400 4766 1473 4816 esse,
1491 4767 1541 4803 nec
1553 4767 1619 4806 vero
1633 4768 1683 4804 nos
1699 4754 1834 4816 accusari,
1853 4754 1927 4825 quod
1941 4755 2002 4826 iuge
2015 4773 2061 4808 sa-

98 4821 146 4891 „io
160 4825 302 4891 Ecclesia,
329 4821 453 4876 videlicet
470 4839 565 4874 verum
583 4837 662 4874 usum
677 4818 847 4872 ceremoniae
861 4836 924 4871 curo
939 4817 1022 4872 invo·
1140 4817 1298 4889 „orificium
1317 4816 1465 4870 deleamus·
1509 4815 1552 4870 llli
1571 4817 1660 4889 potius
1679 4819 1784 4888 delent,
1810 4822 2061 4893 quimultasl'alrss

98 4892 227 4956 „catione
247 4903 274 4946 ct
293 4893 440 4962 gratiarum
459 4887 585 4959 actione,
613 4885 690 4958 quale
713 4897 739 4938 et
757 4885 839 4955 ipsius
859 4885 1021 4940 sacrificium
1141 4895 1192 4954 „et
1212 4885 1370 4954 pharisaicas
1388 4883 1530 4953 opiniones
1550 4885 1585 4939 de
1604 4897 1715 4955 peccato
1735 4897 1762 4941 et
1782 4889 1816 4941 de
1836 4888 1935 4942 iustitia
1954 4891 2059 4946 docue-

99 4959 184 5028 „lnit,
211 4960 264 5030 qui
284 4979 348 5015 eum
367 4967 436 5012 esset
449 4976 513 5013 vere
529 4955 705 5026 Evangeticus
718 4963 827 5022 pastor,
853 4954 1022 5008 certeintel·
1141 4967 1244 5026 „runt.
1268 4959 1294 5006 el
1312 4951 1399 5006 adbuc
1414 4953 1553 5007 mordicus
1565 4956 1698 5022 retinent,
1724 4956 1769 5024 qui
1784 4956 1876 5009 iubent
1891 4957 2012 5013 dubitare
2026 4959 2059 5014 de

101 5027 183 5094 „ierit
208 5047 289 5082 verns
307 5026 412 5097 cultos,
443 5023 606 5088 eieciebat,
635 5015 820 5076 ceremor'riam
839 5039 897 5076 esse
914 5041 1021 5144 sdynurn
1140 5021 1324 5094 „remissione
1349 5030 1537 5091 peccatorum,
1568 5021 1615 5094 qui
1640 5035 1767 5094 quaestus
1792 5041 1871 5077 causa
1895 5019 2059 5096 sacrificent,

100 5096 306 5162 „ecclessioois
329 5105 356 5150 et
379 5094 524 5164 gratiarum
549 5089 679 5156 actionis,
710 5100 736 5142 et
760 5101 888 5160 oportere
912 5107 926 5142 a
949 5091 993 5144 iun
1017 5092 1024 5144 i
1140 5110 1182 5162 „q
1204 5090 1460 5146 icoesssmdomioi
1477 5091 1646 5144 admortuos
1664 5091 1845 5154 transierunt,
1871 5095 1916 5164 qui
1936 5109 2061 5150 mortuos

100 5167 217 5236 „fidem
243 5164 460 5225 invocationem,
477 5160 625 5231 gratiarum
638 5157 789 5223 actionem,
807 5168 832 5212 et
846 5159 915 5213 haec
930 5177 1023 5212 omma
1140 5161 1191 5232 „io
1214 5167 1310 5227 ocant,
1327 5158 1373 5229 qui
1387 5160 1474 5213 cultus
1488 5159 1623 5214 idolorum
1638 5169 1664 5213 et
1677 5167 1825 5212 statuarum
1839 5161 1997 5220 manifestos
2010 5167 2061 5219 de-

101 5234 265 5302 „collectire
283 5231 445 5288 sacrificium
468 5247 533 5283 esse.
579 5229 651 5282 llaec
669 5227 835 5290 conveniunt
855 5228 889 5282 sd
908 5245 1022 5282 coenam
1139 5263 1157 5297 „
1166 5229 1293 5286 leoduni,
1311 5237 1338 5280 ut
1353 5228 1382 5282 lit
1394 5231 1422 5280 in
1439 5227 1531 5280 multis
1544 5230 1626 5297 locis,
1642 5228 1688 5281 ubi
1700 5227 1823 5284 doctrina
1837 5242 1990 5287 nostrarum
2007 5233 2061 5288 Ec-

102 5303 249 5372 „domini,
277 5301 307 5356 in
325 5319 380 5383 qna
399 5317 462 5354 cnm
484 5298 553 5352 fiunt
573 5292 719 5374 invocatio·
733 5303 761 5346 et
780 5295 930 5361 gratiarum
944 5299 1024 5360 actio,
1139 5297 1317 5367 „etesiarum
1353 5297 1404 5352 Sed
1419 5295 1549 5351 iudicium
1563 5296 1597 5350 de
1610 5295 1689 5350 uobis
1701 5305 1727 5350 et
1741 5296 1816 5363 Deo.
1834 5309 1861 5354 et
1872 5319 1950 5356 resse
1964 5301 2060 5359 Eccle-

102 5381 176 5436 „tots
190 5374 267 5427 ectio
278 5368 440 5424 sacraficium
453 5376 508 5433 ert,
528 5375 558 5420 ut
572 5383 651 5438 saepe
667 5363 809 5420 dionunt
1140 5363 1219 5441 „siae
1235 5365 1485 5421 commendamus.”

55 5437 208 5514 llrsssru.
233 5450 339 5514 Orsn.
369 5447 450 5512 Vos..
465 5444 538 5510 Vll.
1304 5441 1350 5511 16
