4670 5808
88 259 155 334 cu
388 265 392 278 ⁸
646 251 1082 336 urrsrouaauu
1131 249 1240 330 ura.
1265 249 1349 332 xn.
1403 249 1534 332 teor.
2048 209 2124 340 aas

85 455 185 528 quam
209 453 336 526 parum
353 425 446 502 mibi
464 431 635 524 temporis
656 433 852 504 concedant
871 429 1079 524 interpella-
1129 425 1324 518 perspicue.
1381 421 1430 498 Et
1456 427 1570 498 sonna
1593 427 1725 500 decreti
1747 432 1790 500 de
1810 433 1997 503 securitate
2019 435 2124 505 nobis

83 537 193 608 tiones
207 532 430 608 amicorum.”
444 528 476 630 ²)
523 531 591 605 Die
606 535 642 608 9.
654 532 852 606 Februarii.
991 545 995 564 '
1128 527 1234 598 missa
1257 541 1319 600 est.
1369 523 1461 598 Cum
1483 529 1592 619 igitur
1608 532 1843 602 existimemus
1859 557 1923 604 nos
1939 547 2020 624 post
2035 559 2124 626 pau-

1129 651 1188 697 cos
1209 629 1285 698 dics
1308 628 1527 718 ingressuros
1541 654 1614 702 esse
1629 633 1713 718 iter,
1739 634 1824 704 duxi
1842 634 1879 704 id
1894 635 1995 704 vobis
2011 635 2124 724 signi-

94 757 1075 800 -·-·-·-·-··-·-···-·--------·r-··
1128 727 1305 798 ficandum
1323 751 1405 814 esse,
1430 744 1471 802 ut
1485 731 1514 798 si
1529 733 1708 804 voluerint
1724 735 1975 823 gubernatores
1989 749 2123 805 vestrae

1128 829 1276 900 ditionis
1296 830 1436 900 mittere
1455 831 1683 920 legationem,
1709 837 1814 904 nobis
1832 837 2063 925 adiungatur,
2089 849 2124 906 et

83 903 146 974 ΝΟ·
163 897 276 976 5⁰51·
895 905 1068 1026 Q
1128 929 1200 1001 sint
1219 925 1277 1000 hic
1292 931 1385 1002 intra
1399 932 1476 1001 dies
1493 930 1556 1007 Vl.
1600 931 1831 1005 Commodius
1849 939 1944 1006 enim
1958 949 2047 1008 esset
2063 960 2123 1006 eos

84 1001 280 1030 m
1127 1031 1313 1102 nobiscum
1334 1032 1401 1104 iter
1419 1033 1544 1106 lacere.
1594 1031 1644 1104 Et
1665 1049 1806 1124 possent
1827 1037 1865 1105 in
1884 1040 1992 1107 domo
2008 1031 2122 1130 Aegi-

459 1085 513 1176 Ρ·
533 1085 696 1176 Elim·
1128 1125 1246 1200 diana
1263 1133 1448 1203 uobiscum
1468 1157 1562 1218 esse,
1588 1135 1722 1204 etiamsi
1740 1161 1814 1205 non
1830 1163 1911 1207 mox
1929 1137 1996 1207 iter
2009 1139 2122 1208 susci-

146 1267 235 1340 Epist.
252 1265 301 1324 tib.
315 1265 349 1322 n.
365 1283 394 1338 p.
405 1263 466 1320 167.
484 1265 539 1334 (ed.
556 1263 647 1322 tout.
661 1265 709 1321 ns.
722 1265 758 1321 tt.
775 1283 819 1340 ep.
834 1267 916 1336 tos).
1127 1245 1279 1322 peretur.
1331 1232 1508 1308 Scribitur
1527 1237 1631 1304 nobis
1650 1259 1690 1305 ex
1704 1231 1743 1305 Τ
1743 1231 1902 1322 ridente,
1929 1237 2123 1330 Imperato-

1126 1354 1200 1402 rem
1215 1335 1443 1425 postulasses
1467 1327 1844 1430 Wrtebergcnsibus‚
1871 1352 1905 1408 et
1921 1339 1966 1408 ab
1980 1333 2123 1432 Argen-

401 1419 458 1498 D.
476 1415 601 1494 Paulo
626 1420 752 1494 Ebero
1019 1492 1024 1508 ,
1126 1429 1350 1520 liuentibus,
1372 1449 1413 1506 ut
1436 1451 1615 1508 accersant
1632 1462 1776 1508 suarum
1792 1435 2030 1510 Ecclesiarum
2045 1439 2124 1510 Do-

83 1561 128 1647 s,
152 1573 198 1646 D,
257 1565 472 1642 Chafigsgme
495 1569 622 1655 stater,
656 1566 738 1641 Etsi
761 1571 800 1639 in
824 1593 950 1661 magna
975 1583 1075 1662 pam
1126 1547 1256 1619 ctores,
1275 1537 1352 1655 ‘qui’
1371 1539 1632 1654 responderunt
1650 1561 1685 1608 se
1701 1539 1739 1608 id
1756 1541 1910 1610 facturos
1924 1564 2015 1628 esse,
2041 1564 2121 1610 curn

1125 1659 1191 1706 nos
1204 1661 1325 1708 ventre
1342 1637 1588 1728 intelligerent.
1640 1637 1728 1710 lude
1743 1641 1908 1711 voluntas
1927 1637 2123 1732 Imperato-

81 1669 374 1745 vitaehumanae
407 1671 511 1762 plura
537 1671 672 1741 faciunt
704 1667 867 1741 homines
892 1665 1072 1770 πάρεργα,
1145 1736 1155 1754 ,

81 1800 185 1870 quam
209 1771 887 1872 &byatameninaulisidmemmius·
937 1771 1074 1843 Defide
1124 1761 1174 1806 rrs
1195 1737 1372 1807 aestimari
1395 1751 1518 1858 potest.
1569 1739 1743 1856 Fortassis
1763 1743 1872 1830 igitur
1889 1743 2033 1860 prodest
2048 1765 2123 1810 non

78 1877 220 1968 publica
248 1863 484 1966 impetrarunt
505 1874 619 1942 nostri
638 1873 792 1964 prolixas
812 1875 1073 1966 promissiones.
1104 1839 1291 1974 ‘Praebere
1313 1863 1462 1956 ΨΜ
1484 1853 1735 1912 mmmm&
1801 1840 1898 1911 ΒΜ
1918 1857 1951 1912 ‘l
1974 1843 2124 1912 s²¹¹⁰¹¹⁸¹

79 1979 130 2050 De
151 1975 352 2048 retexendis
370 1973 547 2058 articulis,
573 1999 663 2068 quae
677 1997 758 2065 pars
776 1990 850 2047 erat
863 1975 1002 2068 potior,
1024 1975 1072 2044 si-
1124 1937 1246 2014 valele·
1298 1937 1366 2010 ΒΝ
1387 1939 1445 2014 ¹⁰·
1459 1939 1564 2015 Febr·

79 2079 228 2149 lentium
254 2090 315 2149 est.
385 2074 426 2144 ld
451 2087 627 2144 certamen
650 2075 755 2144 nobis
775 2077 930 2166 primum
955 2078 1020 2146 erit
1043 2077 1073 2144 si
1226 2069 1367 2161 Quaeso
1389 2085 1429 2144 ut
1449 2069 1539 2142 mibi
1556 2073 1757 2164 significetis
1772 2099 1818 2144 sn
1834 2075 1941 2146 vestri
1956 2071 2062 2164 legati
2077 2073 2123 2142 ad
2167 2107 2170 2112 ·

78 2179 361 2271 progrediemur,
394 2177 438 2245 de
462 2201 532 2269 quo
553 2175 652 2267 prius
668 2199 734 2244 nos
746 2179 921 2248 audivisse
935 2177 1073 2272 Synodi
1124 2173 1345 2248 nostenturi
1359 2173 1442 2246 sint.

78 2278 340 2372 responsionem
363 2276 488 2350 utilius
505 2289 590 2350 erat.
639 2275 809 2347 Nondum
826 2293 943 2349 autem
961 2281 1073 2348 disce-

79 2383 196 2451 dimus
210 2373 443 2471 Nortberga,
472 2379 535 2448 sed
558 2375 755 2469 aPrincipe
775 2380 895 2450 literas
912 2393 1072 2472 expecta·
1133 2411 2120 2434 ---—--·-——·---—--·----—-

77 2507 166 2554 mus.
217 2477 272 2549 De
292 2477 433 2570 Repub.
455 2475 548 2548 nihil
569 2473 682 2549 babeo
707 2483 803 2571 quod
823 2505 968 2550 narrare
990 2503 1071 2569 pos-

77 2583 153 2656 sim.
205 2577 274 2650 Die
298 2579 468 2650 beneficio
492 2580 531 2648 in
545 2573 1073 2675 hisregionibustranquillitas
1137 2567 1332 2642 Nasoas.
1778 2585 1831 2648 18.
1845 2579 1933 2644 Febr.
1961 2577 2122 2658 (Norint.)

78 2699 137 2753 est.
191 2679 339 2752 Utinam
355 2703 430 2750 non
445 2683 596 2753 Μυσῶν
613 2683 733 2766 λεῖαν,
769 2696 809 2752 ut
828 2696 962 2753 veteres
977 2683 1072 2754 dice·
1128 2664 1341 2702 Μ
1549 2689 1554 2698 ’
1766 2671 2121 2717 Ἢν

76 2787 181 2868 bant,
218 2783 297 2854 istic
329 2781 523 2854 videamus.
582 2780 637 2851 Te
669 2795 785 2852 autem
812 2784 915 2854 valde
941 2809 1005 2854 oro
1033 2796 1073 2852 ut
1533 2769 1716 2858 Eidem

77 2877 251 2982 ἀξιόλογα
268 2874 392 2954 πάντα
409 2883 453 2950 de
467 2881 658 2953 Academia
676 2897 710 2954 et
724 2885 769 2953 de
783 2885 928 2954 familiis
942 2884 1072 2954 nostris
1191 2941 1241 2996 Ε.
1295 2941 1379 2997 Μ
1446 2942 1498 2999 ³8⁴
1556 2947 1634 3001 m
1656 2947 1672 3001 d
1701 2947 1719 3001 l,
1777 2947 1788 3002 ¹
2027 2950 2033 2966 ,
2093 2956 2099 2968 ,

76 2989 180 3055 nobis
197 2984 379 3075 significes.
417 2979 514 3052 Bene
528 2996 562 3053 et
577 2983 727 3056 feliciter
741 2987 828 3059 vale.
867 2983 934 3054 Dic
952 2990 986 3060 9.
1003 2985 1071 3055 Fe·
1215 2953 1358 3068 palliolm,
1372 2961 1475 3070 &obsit
1489 2947 1858 3088 litf‘pfignpsffidssjmp'
1872 2949 1957 3019 Μὰ·
1991 2951 2120 3008 Em*

74 3086 222 3160 bruarii.

1223 3182 1278 3260 D.
1301 3176 1651 3288 Christophoro
1682 3186 2020 3264 Tettelbochio

1123 3337 1171 3424 S.
1206 3349 1252 3422 D.
1313 3321 1503 3444 Magnibcc
1525 3351 1680 3427 Domine
1704 3355 1945 3446 Cancellarie,
1982 3359 2122 3434 Fuisset

74 3448 138 3522 No.
153 3443 270 3526 5052.
720 3464 773 3526 10.
788 3455 875 3522 Febr.
899 3457 1059 3538 (Nortnb.)
1123 3454 1273 3524 omnino
1292 3455 1436 3540 utilius,
1475 3469 1510 3528 et
1529 3457 1742 3550 speciosius,
1772 3462 1898 3532 sinna
1922 3463 2122 3535 communit

80 3543 255 3575 Ἄ
714 3553 1069 3595 *m
1123 3555 1268 3646 legatio,
1300 3558 1446 3626 nomine
1468 3559 1626 3648 plurium
1649 3559 1855 3652 Principum
1880 3575 1915 3632 et
1937 3561 2120 3632 civitatum

344 3627 453 3764 Cpb,
487 3647 807 3742 Tettelbaclcio,
1122 3655 1408 3748 amplectentium
1425 3653 1610 3749 Evangelii
1628 3661 1838 3752 puritatem,
1863 3650 1985 3732 luisset
2001 3663 2121 3746 missa,

185 3829 193 3841 ,
266 3827 273 3842 ,
695 3829 702 3844 ,
1017 3837 1024 3852 ι
1123 3771 1157 3827 et
1179 3757 1301 3828 fuisset
1321 3783 1392 3828 una
1412 3783 1478 3827 vox
1495 3759 1552 3850 pia
1570 3761 1725 3850 plurium
1741 3758 1990 3838 Ecclesiarum.
2041 3761 2122 3834 Hoc

139 3825 401 3952 Epifflffi'clolffil'fi
414 3826 563 3950 ffis'pl'fl',
576 3825 730 3968 ffighb'
744 3831 778 3888 Π·
797 3849 839 3904 ‘P'
851 3834 935 3904 ml·
982 3835 1068 3891 Em
1123 3855 1160 3926 in
1175 3859 1489 3930 deliberationibus
1506 3874 1586 3931 ante
1603 3885 1737 3930 anuum
1756 3862 1972 3954 disputatum
1992 3879 2059 3948 est,
2086 3879 2121 3936 et

1122 3973 1336 4030 monuerunt
1357 3961 1487 4052 aliqui,
1520 3975 1560 4032 ut
1579 3963 1837 4033 communicato
1866 3965 2015 4035 consilio
2038 3989 2120 4036 cum

72 4063 288 4163 Magnffiw
303 4065 470 4140 Domino
487 4059 724 4139 cancellario
739 4071 873 4168 inclyti
886 4069 1069 4176 princpng
1121 4059 1200 4128 aliis
1218 4057 1443 4152 Principibus
1465 4074 1499 4130 et
1515 4062 1715 4132 civitatibus
1732 4059 1816 4134 haec
1832 4078 1929 4136 tanta
1945 4091 2002 4136 res
2015 4067 2121 4138 insti-

73 4163 313 4240 Marcbiom's
345 4164 502 4264 Georgii
531 4163 719 4240 Fn'derici
751 4183 811 4247 εις,
847 4167 942 4248 Chr
949 4177 1068 4248 [510.
1121 4173 1289 4233 tueretur.
1342 4159 1412 4232 Sed
1434 4162 1538 4231 aliter
1558 4177 1632 4234 acta
1649 4187 1705 4234 res
1720 4179 1781 4239 est.
1833 4165 1981 4238 Prodest
1998 4182 2118 4238 tamen

72 4265 222 4364 phot„
254 4265 559 4358 winbach,
598 4265 758 4341 Docton·
782 4271 905 4358 luris,
946 4276 1067 4348 erudi,
1120 4255 1236 4330 adhuc
1267 4260 1407 4354 aliquos
1441 4263 1514 4356 qui'
1534 4265 1805 4356 proficiscuntur
1830 4291 1867 4335 se
1893 4268 2119 4358 coniungere.

72 4371 167 4442 tione
192 4379 223 4460 et
246 4371 376 4460 virtute
391 4369 617 4469 praestanti,
644 4381 805 4470 patrono
823 4401 891 4448 sao
906 4375 1068 4470 colendo,
1119 4353 1293 4430 Tfidmll
1317 4376 1499 4453 expectant
1525 4389 1590 4435 ¹¹⁰⁸
1613 4360 1949 4458 Wlilbssl'ffmms
1984 4381 2019 4437 ⁰²
2045 4363 2118 4436 ΑΓ·

1116 4469 1401 4556 gentoratenscs.
1460 4462 1633 4536 Fortassis
1653 4481 1688 4536 et
1706 4459 1942 4536 Pomerunict'
1962 4469 2117 4542 venient.

1119 4559 1296 4656 Optamus
1319 4563 1427 4654 igitur
1445 4579 1578 4636 vestros
1595 4567 1699 4636 nubis
1717 4569 1857 4654 adesse,
1883 4593 2036 4662 quorum
2054 4573 2118 4638 ad-

1119 4681 1263 4736 ventum
1295 4659 1353 4734 bic
1384 4667 1652 4754 expectabimus.
1720 4665 1808 4738 Heri
1831 4671 1953 4740 audivi
1976 4671 2014 4740 in
2035 4671 2117 4740 aula

1119 4763 1209 4858 lmp.
1224 4767 1420 4846 deliberati,
1436 4789 1481 4833 an
1498 4781 1641 4857 propter
1657 4768 1789 4840 bellurn
1806 4769 1950 4865 Synodo
1967 4772 2014 4842 sit
2026 4771 2117 4840 dan-

1119 4868 1203 4936 dum
1221 4867 1457 4938 intervallum.
1512 4865 1553 4938 ld
1573 4869 1603 4938 si
1622 4869 1738 4956 fieret,
1764 4897 1859 4940 nctuc
1882 4873 2025 4964 qtridem
2043 4867 2116 4942 Ec-

1117 4967 1241 5036 clesiae
1263 4980 1403 5037 nostrae
1427 4962 1613 5040 habiturae
1639 4972 1846 5042 viderentur
1866 4973 2027 5042 inducias
2048 4973 2116 5042 ali-

1117 5092 1224 5162 quas‚
1260 5071 1319 5137 sed
1354 5091 1497 5138 oremus
1519 5067 1634 5140 Deum
1666 5087 1706 5140 ut
1739 5073 1813 5163 ipse
1838 5097 1903 5142 nos
1930 5075 2128 5164 gubernet.'

1115 5165 1292 5239 Audimus
1308 5168 1346 5237 in
1362 5164 1505 5262 Anglr'a
1524 5185 1754 5261 protectorem
1772 5175 1989 5246 avunculum
2007 5172 2117 5265 Regis

70 5297 291 5316 ------
1115 5269 1278 5342 affectum
1307 5293 1380 5342 esse
1409 5273 1552 5362 capitali
1577 5273 1770 5364 supplicio,
1803 5277 1988 5366 coniugem
2011 5276 2116 5345 etiam

99 5387 128 5456 ε)
147 5383 220 5445 thee
233 5385 414 5446 Patremon
427 5388 523 5444 edidit.
1116 5373 1384 5446 condemnatam
1402 5397 1503 5458 csse,
1529 5397 1617 5467 qtrae
1633 5399 1728 5444 nunc
1746 5377 1889 5466 gravida
1907 5389 1970 5452 est.
2021 5375 2120 5447 Haec

72 4505 120 4589 S.
146 4519 194 4590 D.
246 4520 434 4609 Magnifice
453 4520 609 4592 Domine
626 4517 856 4598 Cancellarie.
904 4519 983 4595 Etsi
1003 4529 1067 4596 ad-

72 4615 141 4690 huc
158 4647 179 4690 a
195 4621 294 4692 Duce
310 4617 505 4692 Saxoniae
518 4618 682 4693 Electore
698 4623 818 4693 literas
832 4639 1066 4716 expectamus:

71 4735 190 4792 tamen
217 4723 412 4792 consiliarii
444 4724 507 4817 qui
533 4737 617 4794 suut
638 4718 678 4792 T
676 4718 830 4807 ridenti,
869 4727 1066 4816 significant

70 4824 194 4902 nobis,
225 4845 263 4892 se
281 4823 336 4894 ita'
349 4825 499 4909 sentire,
532 4823 637 4893 nobis
658 4827 957 4916 progrediendum
981 4851 1065 4914 esse,

70 4937 103 4994 et
117 4925 211 4994 velle
226 4921 479 5016 Imperatorem
492 4937 532 4994 ut
547 4947 624 5008 nos,
650 4940 684 4996 et
699 4927 848 4998 aliarum
863 4943 1064 5000 nostrarum

68 5017 306 5096 Ecclesiasum
321 5026 427 5116 legati
440 5025 587 5096 veniant
598 5027 642 5096 ad
656 5026 854 5120 Synodum,
880 5044 915 5102 et
930 5033 975 5102 ab
990 5033 1064 5124 ipsa

68 5127 205 5218 synodo
239 5139 281 5208 et¹
309 5129 354 5198 ab
388 5125 605 5220 Imperatore
631 5128 709 5197 dari
734 5131 955 5202 securitatem
981 5134 1064 5204 satis
