4684 5802
173 177 268 258 1169
748 143 1707 263 uetsronauuuntux11.1ass.·
1909 279 1912 291 Ι
2103 187 2201 264 neo

284 351 445 448 Cumque
465 352 535 422 iam
561 347 716 422 Ecclesia
735 351 878 444 publice
898 367 1074 446 proponat
1097 353 1163 422 do·
1212 375 1314 439 suae,
1337 366 1390 426 est
1402 349 1632 440 Emmanuel,
1659 367 1876 440 sustentans,
1900 367 2057 446 gestans,
2081 369 2202 447 prote·

179 455 327 528 ctrinam
348 456 392 524 de
414 453 636 546 copulatione
659 465 805 524 naturae
821 454 963 524 divinae
987 449 1162 524 ethuma-
1213 477 1317 546 gens,
1350 455 1532 526 vivificans
1553 479 1618 526 nos
1642 457 1737 526 dicta
1759 457 2000 527 consolatione
2024 457 2063 524 iu
2087 457 2202 543 nobis,

181 579 247 624 nae
264 557 301 624 iu
309 550 463 640 Christo,
485 577 605 624 causas
620 567 736 624 tantae
752 553 804 622 rei
819 555 940 648 aliquo
955 556 1062 624 modo
1078 579 1164 624 cou—
1214 557 1401 626 ostendens
1418 553 1580 642 Patrem,
1605 573 1640 628 et
1653 559 1741 629 daus
1756 557 1860 628 nobis
1876 559 1920 626 de
1936 556 2064 649 spiritu
2079 580 2155 630 suo.

182 655 385 740 sideremus‚
399 669 440 726 ut
453 671 594 746 pectora
608 655 718 744 magis
732 657 876 724 ardeant
892 655 930 723 in
942 655 1164 724 invocatione
1317 655 1453 726 Harum
1469 681 1651 728 causarum
1668 657 1878 748 cogitatione
1892 681 1957 728 nos
1971 657 2010 726 in
2033 658 2201 728 omnibus

184 757 584 847 etgratiarumactione.
634 753 715 825 Nou
738 755 814 825 sine
829 755 1109 826 consideratione
1131 769 1166 824 et
1215 759 1394 827 aerumnis
1410 757 1644 830 consolemur.
1697 757 1861 828 Vetustas
1878 753 1942 828 hac
1961 759 2203 828 nsaestsimi-

182 859 415 928 admiratione
438 869 694 948 praetereamus
726 851 794 925 hoc
826 879 916 948 opus
948 853 1036 941 Dei,
1069 857 1165 950 quod
1215 858 1383 928 litudine:
1408 871 1447 928 ut
1462 859 1625 930 surculus
1641 873 1766 930 trunco
1783 858 2090 943 insitusvivit,ita
2106 882 2202 928 mas-

183 973 316 1028 caetcra
334 958 455 1027 divina
471 981 576 1048 opera
592 957 712 1026 omnia
726 957 830 1046 longe
846 970 1004 1048 superat,
1029 959 1164 1050 etquod
1216 981 1289 1028 sam
1306 972 1448 1029 nostrae
1462 973 1608 1030 naturae
1622 959 1763 1030 insitam
1778 973 1922 1030 naturae
1935 959 2077 1028 divinae
2092 959 2204 1048 deleri¹

185 1059 322 1130 illustre
344 1059 658 1140 testimoniumest
691 1058 880 1128 immensae
905 1057 1165 1127 misericordiae
1217 1083 1290 1128 non
1308 1059 1473 1151 potuisse.
1524 1057 1642 1130 liuius
1667 1084 1733 1130 nos
1754 1061 1887 1130 surculi
1908 1059 1998 1130 rami
2019 1082 2093 1130 esse
2113 1061 2203 1130 scia-

183 1161 255 1232 Dei
278 1175 311 1230 et
332 1161 461 1230 amoris
484 1181 565 1247 erga
586 1181 663 1232 nos.
713 1155 767 1228 Sit
790 1159 899 1248 igitur
923 1159 961 1226 in
983 1183 1165 1228 causarum
1216 1183 1312 1246 mus,
1337 1173 1551 1242 statuamus,
1585 1183 1668 1230 vere
1688 1147 1911 1256 uosquoq'ue
1932 1161 2061 1250 gestari
2085 1183 2106 1230 a
2128 1159 2204 1230 filio

185 1260 395 1350 cogitatione
412 1255 498 1330 haec
513 1255 647 1355 primo.
699 1255 831 1328 Natura
848 1253 1001 1328 humana
1022 1273 1098 1352 post
1114 1260 1166 1327 la·
1216 1259 1303 1341 Dei,
1331 1255 1423 1330 hanc
1450 1261 1728 1332 consolationem
1748 1261 1898 1333 sciamus
1922 1284 2042 1331 veram
2068 1283 2144 1332 esse
2168 1273 2205 1330 et

183 1385 285 1454 psum
306 1363 503 1452 primorum
519 1373 701 1450 parentum
716 1359 856 1450 penitus
878 1359 1081 1444 interiisset,
1106 1383 1167 1428 scu
1218 1361 1285 1430 lide
1299 1363 1598 1452 amplectendam,
1623 1377 1656 1433 ct
1671 1363 1811 1432 sortiter
1827 1383 2062 1454 repugnemus
2078 1362 2204 1432 diabo-

184 1465 224 1534 in
245 1460 400 1531 nihilum
424 1463 562 1530 redacta
584 1473 692 1544 esset,
717 1459 789 1528 nisi
803 1463 981 1531 decretum
997 1473 1103 1546 esset,
1128 1473 1168 1530 ut
1218 1463 1334 1533 lorum
1358 1475 1393 1533 et
1412 1457 1599 1532 hominum
1624 1465 1824 1549 furoribus,
1847 1463 1909 1556 qui
1929 1461 2065 1548 Deum,
2090 1462 2204 1532 lilium

183 1565 278 1635 filius
294 1561 361 1633 Dei
377 1563 560 1652 adsumpta
581 1583 692 1630 massa
707 1561 819 1630 nostri
834 1563 971 1652 generis
985 1573 1168 1650 cognatam
1218 1561 1307 1643 Dei,
1340 1559 1594 1652 Evangelium,
1626 1561 1820 1634 Ecclesiam
1852 1563 2033 1649 derident,
2073 1575 2109 1632 et
2140 1557 2204 1632 has

184 1679 347 1736 naturam
364 1676 572 1732 sustentaret
587 1674 798 1734 etservarct.
856 1659 1087 1732 Hocfoedere
1102 1686 1169 1730 no-
1218 1663 1474 1734 consolationcs
1494 1665 1654 1734 fabulosa
1681 1671 1841 1758 poemata
1862 1687 1935 1734 csse
1971 1664 2112 1748 dicunt,
2142 1663 2206 1754 qui

185 1769 321 1837 hiscum
336 1763 428 1832 facto
444 1785 527 1847 nos,
548 1775 587 1832 ut
602 1762 649 1831 ita
667 1762 799 1848 dicam,
815 1776 924 1852 gestat
941 1776 1109 1856 tanquam
1125 1765 1169 1832 de
1220 1764 1355 1834 etiamsi
1375 1765 1453 1834 tolli
1469 1789 1611 1854 prorsus
1635 1789 1710 1834 non
1728 1779 1894 1855 possunt,
1920 1777 2037 1834 tamen
2060 1785 2126 1832 nos
2149 1788 2205 1833 re-
2240 1836 2246 1845 ,

186 1889 249 1938 sua
266 1865 398 1935 cervice
414 1865 617 1954 pendentes.
659 1859 766 1931 Hunc
782 1876 993 1933 servatorem
1007 1865 1170 1933 nominat
1219 1879 1313 1936 ctum
1339 1863 2007 1950 estdeDeoreratestimoniadicerc,
2032 1863 2204 1936 etlilium

186 1967 293 2038 lacoh
305 1961 435 2048 Siloa,
460 1964 564 2032 idest
584 1963 716 2033 loetum
740 1963 904 2052 virginis,
928 1965 989 2058 qui
1014 1977 1168 2034 nostram
1221 1965 1287 2038 Dei
1303 1979 1504 2036 reverenter
1519 1967 1701 2056 amplecti,
1728 1981 1767 2036 ut
1781 1965 1941 2036 Psalmus
1961 1966 2076 2035 iubet:
2103 1987 2206 2032 oscu-

185 2067 347 2156 lragilem
368 2065 571 2156 pelliculam
590 2065 802 2154 adsumpsit,
827 2077 861 2134 et
882 2067 994 2136 lactus
1017 2077 1068 2134 est
1095 2067 1169 2156 ipse
1219 2067 1344 2136 lamini
1375 2067 1500 2141 lilium.
1560 2063 1796 2159 Experiemur
1829 2069 1953 2151 etiam,
1978 2090 2098 2135 veram
2133 2087 2205 2132 esse

186 2165 405 2240 horribiliter
416 2179 561 2236 cruenta
577 2165 762 2254 pellicula,
786 2179 953 2258 tanquam
965 2161 1117 2260 χορίον,
1136 2179 1169 2234 et
1221 2168 1331 2258 ipsius
1347 2191 1485 2237 vocem:
1507 2191 1610 2238 nemo
1624 2168 1738 2262 rapiet
1754 2191 1837 2238 oves
1859 2191 1954 2238 meas
1977 2191 2019 2236 ex
2041 2167 2206 2236 manibus

185 2266 256 2341 hoc
276 2291 359 2338 strae
381 2291 512 2336 massae
523 2261 657 2362 χορίον
671 2284 833 2352 servans,
855 2289 921 2336 nos
936 2261 1021 2337 huic
1046 2262 1169 2337 chorio
1219 2268 1318 2342 meis.

188 2371 369 2442 involutos
383 2381 525 2438 servat.-
1322 2365 1431 2438 llunc
1448 2365 1557 2458 igitur
1571 2365 1685 2436 lilium
1700 2363 1791 2454 Dei,
1821 2363 2018 2438 Dominum
2044 2377 2206 2434 nostrum

287 2463 457 2539 Secundo
481 2491 595 2538 causa.
643 2465 733 2538 Cum
756 2467 908 2538 iustitiae
922 2463 989 2538 Dei
1012 2465 1171 2538 satisfieri
1222 2468 1337 2541 lesum
1352 2465 1552 2552 Christum,
1577 2491 1737 2550 oramus,
1762 2480 1801 2536 ut
1816 2469 1939 2552 faciat,
1964 2481 2004 2537 ut
2019 2479 2054 2536 et
2073 2461 2133 2534 hic
2147 2487 2209 2532 ve-

188 2584 366 2664 oporteret
386 2570 625 2662 persolutione
648 2592 800 2658 poenae,
834 2567 1066 2657 congruebat,
1091 2592 1171 2638 cum
1222 2572 1323 2640 niens
1338 2593 1453 2640 annus
1471 2569 1516 2638 sit
1532 2568 1667 2637 faustus
1688 2581 1722 2636 et
1735 2567 1841 2636 foelix
1859 2565 2055 2647 Ecclesiae,
2081 2565 2210 2634 studiis

189 2679 298 2764 genus
315 2667 509 2740 humanum
531 2670 751 2760 deliquisset,
776 2681 816 2739 ut
832 2669 961 2761 aliquis
983 2669 1021 2738 in
1046 2693 1172 2760 genere
1221 2669 1422 2756 doctrinae,
1442 2685 1475 2740 et
1492 2665 1851 2760 hospitiisEcclcsiae.
1904 2667 1962 2738 Tu
1977 2679 2135 2736 nostram
2151 2667 2210 2732 in-

187 2771 346 2844 humano
370 2795 519 2861 poenam
542 2771 740 2840 sustineret·
799 2766 848 2839 At
871 2793 936 2838 nec
963 2793 1037 2840 esse
1064 2765 1172 2840 homo
1222 2773 1423 2842 firmitatem
1440 2769 1572 2853 cernis,
1593 2769 1645 2838 fili
1665 2765 1751 2854 Dei,
1776 2765 1931 2840 Domine
1956 2767 2033 2838 lesu
2057 2761 2210 2844 Christe,

188 2885 338 2966 poterat,
352 2871 423 2942 nisi
439 2871 534 2940 lilius
549 2885 753 2940 coaeternus
766 2870 858 2960 patri
874 2871 1071 2940 adsumeret
1081 2865 1173 2940 hanc
1224 2873 1384 2942 involute
1410 2865 1533 2940 chorio
1549 2883 1689 2938 nostrae
1712 2883 1867 2938 naturae.
1920 2867 1973 2938 Te
1987 2889 2147 2951 oramus,
2168 2879 2211 2934 ut

188 2998 348 3047 massam.
398 2969 494 3063 Ergo
510 2967 567 3041 hic
582 2973 782 3060 redemptor
795 2971 894 3042 Deus
910 2983 946 3041 et
960 2966 1068 3041 homo
1084 2984 1146 3042 est.
1223 2997 1288 3042 nos
1312 2985 1457 3064 propter
1479 2985 1575 3042 tuam
1599 2969 1748 3058 gloriam
1776 2972 1919 3054 doceas,
1945 2992 2064 3058 regas,
2087 2981 2211 3058 prote-

290 3069 419 3144 Tertia
435 3086 614 3144 causaest.
666 3070 737 3142 Hic
762 3073 965 3163 redemptor
986 3085 1039 3142 est
1059 3095 1173 3142 sacer·
1222 3098 1280 3164 gas
1300 3087 1334 3144 et
1355 3095 1472 3143 serves
1495 3071 1535 3139 in
1558 3084 1630 3142 tota
1654 3071 1878 3156 aeternitate,
1904 3070 1952 3138 sis
1972 3068 2148 3150 innubis,
2176 3081 2213 3136 et

190 3179 273 3260 dos,
297 3177 395 3268 quod
409 3175 454 3244 ad
469 3174 535 3244 tria
552 3173 666 3243 officia
678 3174 820 3258 attinet,
844 3174 890 3242 ad
906 3173 1173 3264 patefactionem
1223 3177 1385 3245 ostendas
1401 3187 1436 3242 te
1456 3173 1493 3241 in
1516 3171 1619 3241 nobis
1639 3194 1730 3256 esse,
1755 3185 1798 3242 ut
1810 3173 1928 3264 plures
1942 3183 1976 3241 te
1991 3181 2085 3240 recte
2098 3191 2212 3257 agno-

190 3273 397 3366 Evaugclii,
421 3277 465 3344 ad
482 3275 740 3364 deprecandum
762 3297 827 3364 pro
849 3274 973 3357 nobis,
996 3277 1096 3345 etad
1118 3298 1174 3342 aar
1223 3289 1321 3348 scant
1338 3271 1643 3344 ettibiobediant.

191 3378 361 3450 crificium
393 3399 458 3466 pro
493 3373 597 3444 nobis
625 3373 858 3448 offerendum.
917 3371 1025 3444 Nulla
1057 3389 1173 3446 autem
1324 3373 1373 3447 Ut
1386 3387 1503 3444 autem
1525 3371 1734 3462 significatio
1757 3371 1975 3441 reverentiae
1996 3391 2076 3458 erga
2100 3367 2215 3436 mini-

192 3492 348 3550 creatura
363 3489 478 3568 potest
492 3475 629 3565 ingredi
646 3473 685 3544 in
700 3473 869 3546 Sanctum
890 3487 1112 3559 sanctonum,
1136 3475 1173 3542 id
1223 3477 1367 3548 sterium
1394 3473 1602 3564 Evangelii,
1636 3492 1699 3564 per
1727 3473 1823 3566 quod
1855 3471 1949 3541 lilius
1975 3465 2042 3540 Dei
2075 3469 2237 3558 colligit·

193 3592 263 3663 est,
285 3579 405 3649 videre
418 3599 543 3646 arcana
559 3575 706 3646 consilia
720 3573 807 3660 Dei,
831 3575 893 3644 sed
907 3575 1020 3661 filius,
1045 3577 1108 3670 qui
1123 3589 1175 3646 est
1224 3591 1401 3650 aeternam
1430 3571 1646 3656 Ecclesiam,
1677 3572 1828 3662 exempli
1856 3595 1957 3642 caiisa
1991 3572 2217 3654 ostendatur,

194 3671 301 3778 λόγος
315 3677 448 3750 aeterni
465 3677 594 3770 patris,
615 3677 748 3768 profert
761 3671 827 3746 hoc
841 3675 1033 3752 decretum.
1063 3675 1176 3748 Dein·
1224 3679 1458 3773 praecipimus
1473 3689 1514 3746 ut
1529 3673 1659 3763 singuli
1675 3672 1837 3762 Magistri
1853 3685 1887 3743 et
1902 3667 2107 3744 scholastici
2127 3695 2217 3739 mu-

193 3783 239 3852 de
253 3781 351 3850 nulla
368 3792 525 3849 creatura
543 3777 656 3848 cernit
674 3779 780 3848 corda
802 3778 1014 3870 petentium,
1038 3803 1104 3850 nec
1119 3801 1176 3848 ar·-
1224 3789 1309 3852 nera
1330 3782 1376 3849 ad
1397 3801 1494 3848 aram
1516 3777 1688 3846 adferant.
1750 3771 1793 3842 ln
1817 3775 1923 3854 sesto,
1957 3797 2028 3865 quo
2052 3767 2216 3841 Ecclesia

193 3904 318 3952 canam
337 3880 554 3951 voluntatem
579 3879 713 3952 aeterni
736 3881 857 3970 patris.
912 3875 986 3950 Nec
1005 3880 1176 3950 sustinere
1224 3879 1293 3952 Dei
1315 3881 1353 3949 in
1381 3879 1479 3949 coelo
1505 3891 1539 3947 et
1560 3875 1596 3944 in
1622 3888 1736 3958 terra,
1758 3873 1835 3945 Deo
1863 3888 1896 3944 et
1918 3873 2064 3943 domino
2085 3885 2217 3942 nostro

195 3982 285 4054 iram
309 3981 349 4050 in
367 3979 535 4050 sacrificio
559 3979 632 4050 ulla
652 3993 809 4050 creatura
824 3992 971 4072 poterat.
1021 3977 1088 4052 Est
1109 3981 1176 4069 igi·
1226 3981 1305 4054 lesu
1320 3977 1463 4054 Christo
1486 3977 1613 4068 gratias
1629 3975 1703 4065 agit
1722 3977 1766 4043 de
1780 3975 1944 4044 mirando
1960 3974 2099 4043 foedere
2114 3972 2216 4040 divi·

196 4097 255 4154 tur
275 4075 335 4151 hic
354 4082 514 4150 sacerdos
530 4093 566 4150 et
582 4079 760 4152 Mediator
776 4079 872 4150 Deus
886 4094 920 4152 et
936 4075 1062 4166 homo,
1088 4081 1177 4151 sicut
1225 4107 1292 4155 nae
1309 4095 1345 4154 et
1357 4077 1533 4154 humanae
1550 4091 1697 4150 naturae
1712 4077 1751 4144 in
1766 4074 1851 4145 lilio.
1900 4073 2008 4146 Anno
2029 4067 2135 4150 166³.

196 4181 405 4256 etPsalmus
425 4179 559 4274 inquit:
609 4177 669 4250 Tu
690 4205 726 4250 es
747 4183 908 4252 sacerdos
928 4181 967 4250 in
985 4195 1176 4254 aeternum.

195 4279 244 4356 Et
260 4283 406 4376 epistola
421 4283 464 4352 ad
480 4279 637 4352 Ebraeus
653 4279 788 4374 iuquitt
809 4280 883 4352 Lex
903 4281 1088 4352 coustituit
1110 4276 1176 4352 ho·
1230 4301 2215 4318 mmm

195 4385 320 4557 ἓξὲξ
357 4385 569 4469 sacerdotes,
619 4403 734 4452 termo
780 4395 898 4454 autem
945 4382 1176 4452 iurisiurandi
1226 4445 1293 4522 No·
1307 4443 1422 4522 5289·
2043 4453 2100 4514 2⁶·
2115 4441 2217 4512 Dm,-

1233 4539 1405 4574 w
2036 4533 2213 4566 m

297 4577 446 4678 Quarta
472 4605 594 4663 causa,
627 4595 667 4654 ut
691 4582 740 4654 sit
763 4581 988 4677 aequivalens
1021 4582 1177 4674 precium

199 4685 256 4758 hic
270 4683 450 4756 Mediator
462 4679 559 4752 Deus
573 4697 607 4756 et
620 4679 739 4757 bomo.

299 4777 443 4882 Quinta
459 4805 574 4854 causa.
622 4781 705 4852 Non
720 4782 804 4854 satis
822 4783 998 4873 cratpati,
1023 4782 1084 4852 sed
1099 4805 1177 4850 cum
1329 4781 1415 4858 Epist
1431 4781 1479 4838 ttb.
1497 4779 1533 4838 V.
1549 4797 1579 4851 p.
1599 4775 1651 4834 rte
1666 4797 1709 4852 sq.

199 4901 351 4958 servaret
372 4909 482 4978 gepus
499 4879 714 4968 humanum,
739 4885 852 4954 victor
865 4897 917 4954 est
932 4883 1056 4952 mortis
1073 4896 1107 4952 et
1122 4883 1179 4950 in·
1247 4929 1297 5004 10
1305 4925 1466 5004 hanni
1494 4897 1747 5002 praetorib
1777 4920 2053 5024 (mmmm.
2076 4915 2188 5000 Vm-

1540 4621 1608 4708 Ιο.
1637 4619 1892 4706 Praetorio.

196 5002 375 5060 staurator
392 4985 549 5056 iusticias
566 4997 602 5054 et
617 4983 708 5062 vitae
722 4997 901 5067 aeternae,
927 4984 1106 5074 sicutipse
1123 5007 1180 5054 iu-
1651 5025 1794 5126 lislay)

200 5087 293 5184 quit:
319 5087 447 5158 Venite
461 5087 506 5156 ad
521 5107 576 5156 me
590 5107 722 5170 omnes,
738 5083 1030 5178 quilaboratiret
1043 5084 1179 5154 onerati
1236 5145 1239 5155 ,
1761 5081 1775 5138 .'
1958 5141 1962 5146 .

197 5187 299 5268 estis,
324 5201 359 5258 et
378 5209 441 5277 ego
464 5185 618 5258 reiciam
632 5207 706 5262 vos.
755 5181 825 5254 llic
839 5184 949 5274 igitur
964 5183 1126 5256 Salvator
1146 5197 1180 5256 ct
1229 5165 1280 5257 S·
1305 5180 1350 5254 D.
1408 5177 1620 5248 Venerande
1658 5177 1735 5258 vir,
1774 5189 1809 5246 et
1849 5169 2055 5245 charissime
2090 5171 2215 5250 freter.

200 5285 297 5360 Deus
320 5300 355 5362 et
377 5277 484 5358 homo
507 5300 566 5356 est.
623 5283 677 5358 Ac
699 5287 984 5380 perpetuoadest
1004 5281 1179 5356 Ecclesiae
1229 5281 1423 5354 Vobiscum
1454 5303 1519 5348 oro
1548 5275 1681 5348 Filium
1705 5275 1791 5362 Dei,
1822 5275 2017 5348 Dominum
2049 5285 2214 5344 nostrum
