4684 5802
70 231 172 314 soso
650 230 1098 314 urrsrosasnu
1139 225 1247 308 ιιι.
1276 225 1358 306 ιιι.
1411 169 1543 308 ross.
1825 339 1830 345 Π
2021 237 2119 311 soso

67 405 156 476 sisse
187 404 292 498 ipsis,
326 417 367 476 ut
389 399 566 479 Ecclesiae
594 410 813 482 constituant
838 411 881 480 ad
907 432 1067 480 normam
1121 400 1394 474 instituendum.
1420 397 1563 474 'Multo
1582 399 1705 476 utilius
1729 419 1835 490 esset,
1860 403 2050 497 diligenter
2067 408 2118 480 le-

66 508 298 596 Augustauae
316 508 556 595 consessionis,
581 507 648 606 (sic
661 513 849 582 nominant
866 527 1066 582 nostrarum
1119 505 1186 574 ctis
1202 505 1334 574 ‘eonem
1359 503 1515 592 scriptis,
1541 519 1575 574 et
1596 529 1633 574 re
1651 507 1708 597 pie
1725 519 1759 576 et
1782 508 1935 596 graviter
1953 510 2117 596 iudicata,

67 605 307 694 Ecclesiarum
337 609 546 701 formem).¹
590 611 720 690 petivit
746 611 874 701 igitur,
914 611 1066 682 indicari
1117 606 1282 676 inundari
1297 605 1478 676 silentium
1495 609 1539 688 de
1553 607 1650 676 salsis
1663 607 1905 700 opinionibus.
1938 607 2019 698 Ego
2030 635 2116 682 vero

17 735 18 738 ¹
68 709 165 778 viros
182 708 330 778 idoncos
347 711 393 778 ad
409 712 645 802 ministerium
656 711 922 804 Evangelicum.
953 714 1066 795 Dein·
1117 731 1190 776 uon
1208 706 1349 796 defugio
1366 729 1609 794 congressum:
1635 713 1694 778 sed
1713 704 1779 778 hoc
1795 723 1954 802 tempore
1973 727 2114 784 senatus

68 811 112 878 de
135 810 242 880 etiam
265 824 468 901 reverenter
493 813 604 904 suasi,
637 827 678 896 ut
701 829 838 899 tantum
866 815 992 907 scripta
1017 811 1063 886 D.
1117 805 1363 901 stogusranus
1379 808 1550 878 orontium
1574 810 1617 877 ad
1642 835 1696 890 me
1719 811 1834 897 misit,
1859 835 1898 882 ae
1916 813 2113 905 significant
2172 897 2175 910 ⁸

66 909 235 982 Doctoris
251 905 432 981 Stancon‘
443 926 478 983 et
491 909 534 986 D.
549 909 722 984 Musculs'
736 917 924 1005 diligenter
938 917 1063 986 relecta
1117 905 1297 980 Carolum
1316 911 1572 999 lmperatorem,
1584 911 1808 997 concessisse,
1834 925 1874 983 ut
1887 913 2009 982 civitas
2024 939 2111 984 con-

66 1012 293 1098 iudicuutur,
325 1036 400 1082 noo
426 1027 466 1084 ut
490 1015 559 1106 ipsi
583 1030 772 1103 vocentur,
805 1029 844 1088 ut
869 1017 920 1088 ibi
942 1039 1063 1087 coram
1115 1012 1236 1082 stituat
1252 1009 1426 1082 Ecclesiae
1439 1013 1482 1080 ad
1500 1025 1661 1080 normam
1679 1010 1905 1102 Augustanos
1919 1016 2110 1086 consessio-

64 1109 268 1208 priucipe¹)
283 1112 357 1182 rixa
373 1113 589 1196 instituatur,
615 1141 694 1189 eum
709 1132 856 1211 uterque
873 1120 919 1190 sit
932 1119 970 1188 in
986 1143 1063 1188 cer·
1115 1113 1190 1182 nis:
1215 1114 1265 1182 sio
1281 1123 1437 1182 nostram
1459 1113 1632 1191 nominat.
1680 1111 1810 1184 Petunt
1832 1116 1940 1204 igitur
1961 1117 2137 1192 idoneos.

65 1214 203 1290 tamine
224 1213 427 1302 ferventior.
487 1215 619 1308 Scripsi
643 1218 769 1300 etiam,
802 1243 858 1294 me
882 1243 955 1318 ¹³⁰⁰
978 1244 1062 1312 pro-
1114 1211 1449 1284 ductoresindicari.
1487 1209 1563 1281 Hac
1578 1215 1623 1282 de
1637 1237 1676 1282 re
1691 1212 1830 1305 Lipsiae
1844 1241 1900 1285 me
1915 1241 1994 1288 curn
2013 1213 2108 1286 Sar-

63 1316 151 1384 hare
167 1314 462 1410 propositionem,
484 1316 522 1386 iu
539 1313 823 1412 quaStancarus
836 1319 939 1406 dicit,
956 1316 1063 1391 Chri·
1115 1316 1207 1382 corio
1222 1328 1255 1384 et
1269 1315 1348 1384 aliis
1368 1313 1524 1406 colloqui
1541 1326 1688 1402 oportet.
1741 1313 1860 1403 Quare
1879 1341 1943 1387 oro
1963 1322 2008 1412 u'ty
2021 1319 2107 1389 illu-

65 1429 163 1486 stum
179 1429 315 1492 tantum
330 1417 523 1486 secuudum
541 1413 733 1490 humanam
749 1436 911 1496 naturam
928 1421 1063 1491 merlia-
1114 1404 1305 1486 strissinlus
1326 1414 1495 1504 Princeps
1518 1409 1607 1484 mihi
1640 1415 1777 1483 veniam
1801 1419 1878 1504 det,
1910 1443 2006 1489 nunc
2031 1443 2105 1489 non

63 1530 183 1587 torem
205 1540 293 1602 esse,
326 1517 409 1612 quia
435 1519 607 1590 mediator
630 1533 684 1592 est
707 1545 781 1591 uon
807 1535 947 1594 tautum
978 1523 1062 1618 quia
1114 1517 1301 1600 accedenti·
1353 1514 1470 1584 Miror
1491 1513 1623 1605 Lipsici
1650 1531 1822 1588 mercatus
1852 1532 2010 1612 tempore
2040 1544 2107 1598 nos

63 1617 221 1710 patitur,
253 1618 312 1686 scd
338 1619 443 1692 etiam
466 1619 550 1714 ‚quia
573 1621 724 1712 pretium
750 1623 975 1720 aequivalens
1000 1637 1063 1710 est,
1113 1618 1251 1704 vocari,
1276 1641 1347 1711 quo
1362 1615 1500 1705 aurigas
1516 1618 1618 1684 etiam
1636 1617 1823 1688 difficulter
1839 1619 2001 1694 invenire
2024 1645 2106 1712 pos-

63 1713 101 1790 et
119 1719 230 1787 vincit
244 1731 412 1806 mortem,
438 1732 471 1789 et
488 1734 537 1792 cst
552 1725 713 1793 sacerdos
728 1737 897 1814 perpetuo
916 1749 980 1822 pro
995 1749 1062 1794 no-
1113 1741 1243 1788 sumus.
1293 1715 1346 1788 Ac
1372 1717 1401 1786 si
1427 1717 1664 1787 controversie
1693 1731 1745 1788 est
1774 1721 1818 1788 de
1846 1723 2106 1812 propositione,

62 1819 123 1888 bis
145 1819 393 1910 interpellans,
425 1821 606 1894 vivificans
639 1837 672 1894 et
694 1825 913 1896 sanctificans
935 1825 1060 1916 spiritu
1113 1814 1746 1890 AnChrislussilmedialortanlum
1768 1823 1962 1890 secundum
1979 1817 2106 1896 hnma-

62 1945 133 1996 suo
158 1932 287 1993 sancto.
340 1917 417 1989 Hae
439 1935 522 1992 sunt
541 1926 769 2016 proprietates
791 1925 932 1996 divinae
957 1939 1062 1995 natu·
1113 1943 1194 1988 nem
1217 1931 1394 1998 naturam:
1427 1919 1497 1992 lam
1518 1919 1598 1988 dico
1622 1943 1732 1990 mem
1757 1923 1966 1993 tesslfflfiam
1989 1925 2106 2016 lefl',

64 2045 129 2091 rae
143 2017 185 2118 ²).
236 2015 284 2090 Et
307 2023 512 2092 mediatoris
536 2040 605 2110 est,
634 2027 894 2099 communicare
919 2028 1062 2121 utrique
1114 2043 1268 2090 errorem
1289 2043 1380 2104 esse,
1412 2021 1528 2089 dicere
1551 2015 1732 2090 Christum
1753 2035 1892 2095 tanturn
1911 2027 2104 2096 secuudum

62 2135 234 2206 naturae,
258 2133 552 2193 uttotavetustas
570 2125 685 2197 locuta
703 2141 765 2202 est.
817 2123 996 2218 Optarim,
1022 2141 1061 2200 tu
1113 2135 1275 2194 naturum
1306 2117 1496 2190 humanam
1526 2121 1757 2192 mediatorem
1791 2147 1876 2194 esse.
1933 2123 2030 2214 Quia
2059 2127 2105 2196 ad

63 2223 295 2291 invocatione
313 2244 379 2292 nos
402 2225 446 2292 de
468 2225 575 2294 rebus
592 2223 621 2320 ³)
642 2239 842 2297 reverenter
855 2229 1008 2318 cogitare
1028 2241 1063 2299 et
1115 2222 1323 2297 Mediatoris
1358 2219 1606 2314 proprietatem
1634 2223 1833 2312 pertinent,
1866 2249 1940 2298 uon
1969 2231 2105 2300 tautum

64 2323 242 2416 populum
261 2323 429 2412 explicate
445 2325 591 2412 docere,
616 2351 690 2398 non
706 2351 848 2400 movere
871 2331 1062 2400 certamina
1113 2347 1226 2408 mors,
1251 2325 1311 2396 sed
1328 2335 1369 2394 ut
1381 2323 1427 2398 sit
1441 2321 1665 2415 aequivalens
1686 2325 1860 2416 precium,
1885 2340 1921 2398 et
1935 2329 1981 2398 sit
1994 2327 2106 2402 victor

63 2425 176 2516 plena
206 2421 370 2492 odiorum
402 2437 436 2495 et
460 2427 635 2498 malorum
667 2429 868 2505 affectuum.
925 2425 1063 2516 Offero,
1114 2426 1249 2508 mortis,
1271 2424 1375 2508 item,
1398 2436 1439 2498 ut
1455 2423 1500 2518 sit
1517 2425 1688 2510 sacerdos,
1713 2425 1915 2516 ingrediens
1932 2428 1970 2496 in
1985 2441 2107 2502 saneto

64 2549 127 2594 me
144 2525 248 2599 etiam
264 2539 466 2596 reverenter
487 2527 576 2602 istuc
592 2543 782 2600 venturum
805 2552 896 2616 esse,
922 2529 952 2600 si
973 2529 1063 2602 lllu·
1113 2539 1331 2614 sauctorum:
1358 2525 1473 2610 idest,
1497 2524 1715 2596 inarcauum
1732 2527 1920 2599 consilium
1935 2529 2107 2606 divinita·

65 2626 264 2696 strissimus
278 2623 447 2718 Princeps
462 2621 527 2698 hac
547 2653 623 2699 mea
640 2631 870 2723 responsione
886 2656 961 2702 non
977 2657 1064 2702 cou-
1114 2628 1171 2720 tis,
1211 2629 1314 2714 item,
1338 2639 1379 2696 ut
1395 2626 1587 2698 sanctificet
1601 2627 1684 2706 dato
1706 2628 1834 2718 spiritu
1848 2643 1980 2702 sancto.
2028 2627 2108 2702 Hae

64 2740 279 2812 tentasset,
311 2741 346 2809 et
364 2752 428 2798 oro
449 2729 562 2800 lilium
581 2729 665 2817 Dei,
694 2733 880 2802 dominum
902 2747 1063 2806 nostrum
1115 2742 1197 2809 suut
1213 2727 1441 2820 proprietates
1455 2728 1597 2798 divinae
1614 2742 1772 2804 naturas.
1822 2727 1985 2824 Denique
2000 2731 2108 2822 longe

66 2827 190 2898 lesum
204 2823 405 2913 Christum,
430 2843 470 2900 ut
485 2831 559 2924 ipse
572 2847 669 2924 regat
684 2829 877 2904 Ecclesiam
893 2859 1003 2921 suam,
1030 2847 1065 2906 et
1115 2826 1181 2908 bac
1194 2831 1239 2900 de
1252 2852 1289 2900 re
1304 2828 1591 2904 commemoratio
1606 2828 1743 2902 institui
1760 2844 1884 2924 potest.
1918 2829 1991 2902 Nec
2005 2855 2110 2908 recu-

65 2955 137 3000 nos
153 2943 187 2998 et
201 2943 335 2999 vestros
347 2945 461 3003 servet
475 2932 681 3008 incolumes.
705 2931 803 3004 Bene
818 2936 941 3011 valete.
969 2936 1065 3008 Tor·
1116 2955 1153 3010 su
1170 2930 1268 3005 lectis
1283 2930 1467 3022 utriusque
1482 2930 1640 3022 scriptis,
1666 2945 1726 3002 aut
1741 2955 1859 3002 coram
1875 2946 1936 3004 aut
1950 2956 2012 3024 per
2026 2934 2109 3007 tito-

64 3053 153 3121 gae,
177 3029 213 3104 8.
233 3025 412 3101 Octobris.
1116 3055 1172 3108 tas
1195 3055 1307 3108 meam
1338 3031 1546 3106 senteutiam
1569 3032 1739 3106 conliteri.
1796 3029 1872 3102 Alii
1894 3033 1999 3107 etiam
2025 3046 2109 3106 aute

758 3133 852 3208 Phil.
877 3135 964 3208 Mel.
1109 3130 1184 3230 ,huc
1198 3147 1336 3224 tempus
1349 3157 1486 3205 mecum
1500 3133 1543 3202 de
1558 3127 1624 3204 hac
1634 3132 1877 3224 propositione
1888 3135 1997 3204 locuti
2013 3148 2108 3216 sunt,

1116 3235 1179 3329 qui
1199 3233 1335 3304 erudite
1355 3234 1399 3302 de
1426 3233 1700 3326 proprietatibus
1724 3233 1931 3308 Mediatoris
1951 3236 2110 3328 disputa·

1116 3335 1213 3408 haut.
1269 3333 1339 3406 Sed
1367 3329 1451 3404 haec
1476 3359 1614 3420 curam,
1645 3335 1702 3408 vel
1726 3335 1764 3404 in
1791 3335 1930 3428 scriptis
1957 3336 2111 3429 puhlicis

66 3500 104 3570 N
159 3495 208 3568 ὁ,
1117 3434 1304 3530 copiosius.
1346 3433 1444 3508 Bene
1457 3436 1555 3522 vale,
1576 3451 1610 3512 et
1623 3461 1679 3504 me
1696 3435 1936 3510 illustrissimo
1951 3437 2112 3530 Prioripi
2170 3447 2175 3456 '

73 3496 270 3626 ω·
931 3511 1065 3640 Q
1117 3549 1318 3615 reverenter
1332 3539 1588 3608 commendato.
1638 3537 1704 3608 llie
1726 3541 1761 3612 8.
1777 3533 1958 3614 Octobris.

113 3629 130 3655 ἡ
201 3631 231 3640 Η
399 3681 743 3774 somnusue.

90 3845 96 3853 ¹
141 3839 353 3983 mzplpgsmg.
371 3843 508 3918 piloso.
541 3843 663 3918 llepatita
677 3847 707 3903 in
718 3847 786 3908 Mel.
807 3844 909 3969 Consil-
923 3851 969 3914 ltl·
986 3847 1069 3906 ΡᾸῙ·
1119 3887 1186 3960 No·
1203 3885 1316 3962 5213·
2011 3941 2018 3958 ·
2105 3937 2112 3954 ·

1124 3981 1296 4028 Μ
1974 3987 2110 4020 m

67 4058 304 4140 Clarissimo
337 4068 447 4156 viro„
475 4064 530 4138 D.
569 4065 774 4146 Thomas
806 4067 1068 4156 Matthiae,
1347 4067 1545 4178 Georgio
1580 4067 1660 4152 Pr.
1690 4066 1884 4174 Asthall.

69 4167 295 4245 consiliario
312 4168 447 4267 inclyti
462 4165 647 4272 lhiucipis
670 4171 855 4246 Electoris
872 4169 1069 4246 Marchio-

171 4269 250 4360 uls,
275 4281 337 4347 etc.
354 4271 472 4346 amico
487 4297 556 4344 suo
573 4273 681 4348 caleri
694 4285 725 4348 el
742 4269 974 4360 charissimo,
1187 4246 1274 4320 EVM·
1290 4243 1338 4318 ¹⁵¹³·
1354 4245 1388 4300 ¹¹·
1405 4263 1432 4316 Ρ·
1444 4243 1506 4307 ²⁵⁹·
1524 4244 1578 4313 (od.
1597 4245 1687 4305 ¹⁴⁰¹¹l·
1704 4245 1753 4318 lile
1768 4246 1803 4302 ¹¹·
1821 4265 1864 4320 se·
1879 4247 1962 4316 2⁵⁸·l·
2070 4335 2075 4348 .

73 4403 129 4495 S·
154 4415 200 4496 l).
248 4417 423 4493 Existimo
436 4433 471 4491 te
486 4445 588 4516 saepe
604 4425 780 4496 audivisse
793 4449 850 4495 me
864 4425 1069 4500 recitantem
1261 4399 1315 4479 D·
1343 4396 1495 4506 G⁶⁰Vg
1504 4401 1547 4472 1'0
1572 4397 1742 4502 1)ΐῖΜὶΡὶ
1766 4401 1804 4472 in
1831 4397 1977 4477 Anhull

72 4523 264 4615 epistolam
280 4521 512 4610 Nazianzeui,
537 4526 667 4648 inuqua
687 4549 723 4597 se
738 4539 1070 4647 excusat,·curnon
1123 4537 1172 4636 s·
1199 4548 1246 4628 D·
1296 4549 1537 4630 Illusprpssjme
1560 4566 1592 4630 et
1608 4550 1916 4629 Reverendiffime
1936 4552 2116 4646 primm

73 4626 281 4704 “sedsed
296 4627 489 4744 {snedpp
517 4625 631 4715 Ωιι,
656 4643 791 4722 meus,
817 4649 927 4746 mese
949 4651 1072 4697 eccen-
1123 4652 1307 4744 Principes
1324 4649 1741 4746 eramusmaerore
1759 4654 1959 4728 sussum
1983 4669 2118 4748 peroso,

73 4729 174 4798 duni
188 4729 317 4821 ‘5¹¹⁰d1
332 4727 495 4844 fihffldffls
521 4751 627 4821 ‘imm
642 4731 802 4848 &llum-⁸
821 4727 949 4850 5¹3qu
969 4752 1073 4822 llepe
1125 4756 1182 4832 cui
1196 4756 1444 4838 commendent
1463 4755 1716 4847 inspectionem
1731 4754 1954 4852 praecipuam
1974 4781 2117 4831 suarum

74 4827 132 4900 tit.
184 4825 289 4899 Unde
301 4851 426 4912 moror,
446 4851 556 4920 quare
571 4844 850 4902 convocaremus
865 4833 1074 4903 dissidentes
1126 4855 1375 4946 Ecclesiam
1417 4854 1633 4934 Difficilem
1648 4871 1765 4934 ,mem
1782 4857 1944 4936 invenite
1960 4859 2119 4934 idoneo„

73 4923 307 4998 Stoucorum
329 4943 363 4998 et
380 4923 619 5018 Musculum,
643 4947 813 5028 tanquam
835 4937 877 5004 ad
900 4947 1073 5004 certamen
1126 4956 1203 5050 Ego
1219 4960 1263 5029 d,
1277 4955 1422 5034 paam
1439 4959 1478 5028 in
1496 4952 1685 5032 Hmichm
1707 4958 1876 5050 cosmi,
1898 4957 1997 5034 cuju,
2020 4961 2119 5050 inge,
2145 4995 2154 5006 .

778 5064 780 5070 ’
1128 5063 1247 5146 nium,
1272 5072 1433 5146 aetatem,
1459 5060 1682 5153 prudentiam
1699 5073 1733 5129 et
1745 5059 1980 5150 iutegritatem
1998 5061 2121 5158 probo.

115 5213 146 5274 s)
165 5209 268 5278 apogr.
286 5207 411 5272 prospe
443 5213 448 5220 ·
1130 5162 1199 5235 Sed
1219 5185 1324 5233 rauca
1345 5185 1412 5231 vox
1438 5177 1499 5236 est.
1551 5161 1591 5232 ld
1616 5163 1883 5234 incommodum
1907 5176 2022 5232 tamen
2048 5186 2121 5232 sar·

115 5293 147 5358 2)
167 5297 302 5358 naturae]
320 5291 416 5360 scripsi
435 5307 487 5360 pro
504 5300 637 5357 nostroe,
654 5293 729 5363 quod
747 5295 809 5350 eorl.
830 5294 890 5350 Par.
909 5293 996 5352 hahet.
1132 5264 1232 5335 Cium
1253 5263 1343 5338 alin
1363 5265 1473 5336 dole&
1525 5262 1594 5334 Sfld
1620 5287 1683 5332 ⁰1⁸⁰
1705 5259 1746 5337 C·
1765 5259 1827 5348 V„
1854 5275 1892 5332 ul
1909 5259 1996 5333 mliii
2013 5263 2123 5352 Slssssl·

118 5375 149 5438 s)
169 5373 305 5430 Eretum
324 5372 447 5428 viderur:
469 5375 741 5433 cismontanos.
1133 5366 1229 5450 licet,
1262 5389 1308 5435 au
1331 5367 1439 5436 aliurn
1462 5366 1573 5458 possit
1595 5363 1761 5436 indicere·
1821 5361 1971 5437 Senatus
1998 5361 2121 5459 Augu-
2157 5414 2159 5423 ·

85 5453 272 5525 Mesenen.
291 5451 397 5520 Orsa.
424 5449 507 5517 Vos..
521 5451 594 5518 Vll.
1524 5463 1573 5537 69
