<?xml version="1.0" encoding="UTF-8"?>
<!DOCTYPE html PUBLIC "-//W3C//DTD XHTML 1.0 Transitional//EN"
    "http://www.w3.org/TR/xhtml1/DTD/xhtml1-transitional.dtd">
<html xmlns="http://www.w3.org/1999/xhtml" xml:lang="en" lang="en">
 <head>
  <title>
</title>
<meta http-equiv="Content-Type" content="text/html;charset=utf-8" />
  <meta name='ocr-system' content='tesseract 3.04.00' />
  <meta name='ocr-capabilities' content='ocr_page ocr_carea ocr_par ocr_line ocrx_word'/>
</head>
<body>
  <div class='ocr_page' id='page_1' title='image "./corpusreformato20melagoog/corpusreformato20melagoog_0534.png"; bbox 0 0 4684 5802; ppageno 0'>
   <div class='ocr_carea' id='block_1_1' title="bbox 93 131 2152 284">
    <p class='ocr_par' dir='ltr' id='par_1_1' title="bbox 93 131 2152 284">
     <span class='ocr_line' id='line_1_1' title="bbox 93 131 2152 284; baseline -0.005 0"><span class='ocrx_word' id='word_1_1' title='bbox 93 203 182 284; x_wconf 79' lang='lat'><strong>1017</strong></span> <span class='ocrx_word' id='word_1_2' title='bbox 657 197 1089 280; x_wconf 78' lang='lat' dir='ltr'>EPISTOLARUM</span> <span class='ocrx_word' id='word_1_3' title='bbox 1141 199 1246 280; x_wconf 78' lang='lat' dir='ltr'>tin.</span> <span class='ocrx_word' id='word_1_4' title='bbox 1269 201 1367 280; x_wconf 87' lang='lat' dir='ltr'>llll.</span> <span class='ocrx_word' id='word_1_5' title='bbox 1421 198 1557 278; x_wconf 77' lang='lat'>1⁵52.</span> <span class='ocrx_word' id='word_1_6' title='bbox 2029 131 2152 274; x_wconf 40' lang='lat' dir='ltr'>tots·</span> 
     </span>
    </p>
   </div>
   <div class='ocr_carea' id='block_1_2' title="bbox 284 361 2128 549">
    <p class='ocr_par' dir='ltr' id='par_1_2' title="bbox 284 361 2128 549">
     <span class='ocr_line' id='line_1_2' title="bbox 284 361 2128 549; baseline -0.003 -103"><span class='ocrx_word' id='word_1_7' title='bbox 284 364 471 446; x_wconf 77' lang='lat' dir='ltr'><em>Omnibus</em></span> <span class='ocrx_word' id='word_1_8' title='bbox 488 369 637 549; x_wconf 53' lang='lat' dir='ltr'>leostarfi&#39;s</span> <span class='ocrx_word' id='word_1_9' title='bbox 651 366 726 446; x_wconf 82' lang='lat' dir='ltr'>itae</span> <span class='ocrx_word' id='word_1_10' title='bbox 743 369 873 446; x_wconf 75' lang='lat' dir='ltr'><em>literas</em></span> <span class='ocrx_word' id='word_1_11' title='bbox 1131 368 1386 446; x_wconf 73' lang='lat' dir='ltr'>Malthace</span> <span class='ocrx_word' id='word_1_12' title='bbox 1412 363 1502 446; x_wconf 87' lang='lat' dir='ltr'>Coi</span> <span class='ocrx_word' id='word_1_13' title='bbox 1506 368 1525 442; x_wconf 88' lang='lat' dir='ltr'>i</span> <span class='ocrx_word' id='word_1_14' title='bbox 1530 370 1547 441; x_wconf 92' lang='lat' dir='ltr'>i</span> <span class='ocrx_word' id='word_1_15' title='bbox 1552 395 1625 458; x_wconf 84' lang='lat' dir='ltr'>nu,</span> <span class='ocrx_word' id='word_1_16' title='bbox 1657 369 1697 442; x_wconf 87' lang='lat' dir='ltr'>in</span> <span class='ocrx_word' id='word_1_17' title='bbox 1714 363 1920 440; x_wconf 78' lang='lat' dir='ltr'><em>Academia</em></span> <span class='ocrx_word' id='word_1_18' title='bbox 1934 361 2128 464; x_wconf 81' lang='lat' dir='ltr'>Pragcnsi.</span> 
     </span>
    </p>
   </div>
   <div class='ocr_carea' id='block_1_3' title="bbox 92 507 2158 722">
    <p class='ocr_par' dir='ltr' id='par_1_3' title="bbox 92 507 2158 722">
     <span class='ocr_line' id='line_1_3' title="bbox 1132 507 2158 614; baseline -0.002 -18"><span class='ocrx_word' id='word_1_19' title='bbox 1132 507 1183 596; x_wconf 78' lang='lat' dir='ltr'>S·</span> <span class='ocrx_word' id='word_1_20' title='bbox 1208 523 1253 599; x_wconf 90' lang='lat' dir='ltr'>D.</span> <span class='ocrx_word' id='word_1_21' title='bbox 1304 523 1492 596; x_wconf 88' lang='lat' dir='ltr'>Carissime</span> <span class='ocrx_word' id='word_1_22' title='bbox 1513 525 1632 595; x_wconf 86' lang='lat' dir='ltr'>frater.</span> <span class='ocrx_word' id='word_1_23' title='bbox 1683 521 1807 614; x_wconf 84' lang='lat' dir='ltr'><strong>Nuper</strong></span> <span class='ocrx_word' id='word_1_24' title='bbox 1827 547 1905 592; x_wconf 90' lang='lat' dir='ltr'>cnm</span> <span class='ocrx_word' id='word_1_25' title='bbox 1925 523 2127 594; x_wconf 86' lang='lat' dir='ltr'>fortealiud</span> <span class='ocrx_word' id='word_1_26' title='bbox 2153 539 2158 544; x_wconf 82' lang='lat'>&#39;</span> 
     </span>
     <span class='ocr_line' id='line_1_4' title="bbox 92 617 2126 722; baseline -0.002 -24"><span class='ocrx_word' id='word_1_27' title='bbox 92 617 289 722; x_wconf 89' lang='lat' dir='ltr'>Utrumque</span> <span class='ocrx_word' id='word_1_28' title='bbox 302 647 387 696; x_wconf 85' lang='lat' dir='ltr'>voce</span> <span class='ocrx_word' id='word_1_29' title='bbox 403 624 524 696; x_wconf 88' lang='lat' dir='ltr'>divina</span> <span class='ocrx_word' id='word_1_30' title='bbox 539 625 758 716; x_wconf 88' lang='lat' dir='ltr'>praedictum</span> <span class='ocrx_word' id='word_1_31' title='bbox 773 635 836 711; x_wconf 87' lang='lat' dir='ltr'>est,</span> <span class='ocrx_word' id='word_1_32' title='bbox 862 625 901 694; x_wconf 91' lang='lat' dir='ltr'>in</span> <span class='ocrx_word' id='word_1_33' title='bbox 917 618 983 694; x_wconf 88' lang='lat' dir='ltr'>hac</span> <span class='ocrx_word' id='word_1_34' title='bbox 998 624 1080 694; x_wconf 89' lang='lat' dir='ltr'>lan-</span> <span class='ocrx_word' id='word_1_35' title='bbox 1131 649 1355 718; x_wconf 83' lang='lat' dir='ltr'>quaererem,</span> <span class='ocrx_word' id='word_1_36' title='bbox 1378 627 1416 694; x_wconf 92' lang='lat' dir='ltr'>in</span> <span class='ocrx_word' id='word_1_37' title='bbox 1434 621 1614 695; x_wconf 82' lang='lat' dir='ltr'>Plutarchi</span> <span class='ocrx_word' id='word_1_38' title='bbox 1628 620 1815 696; x_wconf 74' lang='lat' dir='ltr'>Alcibiade</span> <span class='ocrx_word' id='word_1_39' title='bbox 1831 648 1908 715; x_wconf 89' lang='lat' dir='ltr'>pag.</span> <span class='ocrx_word' id='word_1_40' title='bbox 1927 625 1987 698; x_wconf 88' lang='grc'>69.</span> <span class='ocrx_word' id='word_1_41' title='bbox 2004 627 2126 694; x_wconf 88' lang='lat' dir='ltr'>inveni</span> 
     </span>
    </p>
   </div>
   <div class='ocr_carea' id='block_1_4' title="bbox 90 718 2218 834">
    <p class='ocr_par' dir='ltr' id='par_1_4' title="bbox 90 718 2218 834">
     <span class='ocr_line' id='line_1_5' title="bbox 90 718 2218 834; baseline 0 -36"><span class='ocrx_word' id='word_1_42' title='bbox 90 729 190 822; x_wconf 86' lang='lat' dir='ltr'>guida</span> <span class='ocrx_word' id='word_1_43' title='bbox 210 726 337 796; x_wconf 89' lang='lat' dir='ltr'>mundi</span> <span class='ocrx_word' id='word_1_44' title='bbox 358 739 494 796; x_wconf 77' lang='lat' dir='ltr'>senecta</span> <span class='ocrx_word' id='word_1_45' title='bbox 513 741 547 798; x_wconf 89' lang='lat' dir='ltr'>et</span> <span class='ocrx_word' id='word_1_46' title='bbox 564 729 700 797; x_wconf 86' lang='lat' dir='ltr'>futuras</span> <span class='ocrx_word' id='word_1_47' title='bbox 716 749 790 796; x_wconf 87' lang='lat' dir='ltr'>esse</span> <span class='ocrx_word' id='word_1_48' title='bbox 805 727 956 797; x_wconf 89' lang='lat' dir='ltr'>maiores</span> <span class='ocrx_word' id='word_1_49' title='bbox 972 747 1075 816; x_wconf 89' lang='lat' dir='ltr'>gene·</span> <span class='ocrx_word' id='word_1_50' title='bbox 1131 721 1215 797; x_wconf 90' lang='lat' dir='ltr'>haec</span> <span class='ocrx_word' id='word_1_51' title='bbox 1240 729 1368 798; x_wconf 88' lang='lat' dir='ltr'>verba:</span> <span class='ocrx_word' id='word_1_52' title='bbox 1402 719 1534 798; x_wconf 81' lang='grc' dir='ltr'><strong><em>καὶτὰ</em></strong></span> <span class='ocrx_word' id='word_1_53' title='bbox 1563 722 1726 818; x_wconf 78' lang='grc' dir='ltr'><strong><em>μυστικὰ</em></strong></span> <span class='ocrx_word' id='word_1_54' title='bbox 1756 718 2044 817; x_wconf 78' lang='grc' dir='ltr'><strong><em>συμπλεκόντων</em></strong></span> <span class='ocrx_word' id='word_1_55' title='bbox 2076 722 2128 807; x_wconf 78' lang='grc' dir='ltr'>ὥς</span> <span class='ocrx_word' id='word_1_56' title='bbox 2212 817 2218 834; x_wconf 25' lang='lat'>⁸</span> 
     </span>
    </p>
   </div>
   <div class='ocr_carea' id='block_1_5' title="bbox 90 819 2185 924">
    <p class='ocr_par' dir='ltr' id='par_1_5' title="bbox 90 819 2185 924">
     <span class='ocr_line' id='line_1_6' title="bbox 90 819 2185 924; baseline -0.002 -22"><span class='ocrx_word' id='word_1_57' title='bbox 90 833 135 902; x_wconf 90' lang='lat' dir='ltr'>ris</span> <span class='ocrx_word' id='word_1_58' title='bbox 153 825 301 900; x_wconf 87' lang='lat' dir='ltr'>humani</span> <span class='ocrx_word' id='word_1_59' title='bbox 323 827 566 912; x_wconf 84' lang='lat' dir='ltr'>confusiones,</span> <span class='ocrx_word' id='word_1_60' title='bbox 595 827 702 921; x_wconf 69' lang='lat' dir='ltr'>quam</span> <span class='ocrx_word' id='word_1_61' title='bbox 725 829 868 898; x_wconf 90' lang='lat' dir='ltr'>luerunt</span> <span class='ocrx_word' id='word_1_62' title='bbox 891 843 1012 908; x_wconf 89' lang='lat' dir='ltr'>antea,</span> <span class='ocrx_word' id='word_1_63' title='bbox 1045 841 1080 897; x_wconf 89' lang='lat' dir='ltr'>et</span> <span class='ocrx_word' id='word_1_64' title='bbox 1131 823 1205 899; x_wconf 81' lang='grc' dir='ltr'>ἀπὸ</span> <span class='ocrx_word' id='word_1_65' title='bbox 1228 833 1316 923; x_wconf 80' lang='grc' dir='ltr'><strong><em>μιᾶς</em></strong></span> <span class='ocrx_word' id='word_1_66' title='bbox 1337 823 1395 900; x_wconf 83' lang='lat' dir='ltr'>e’ai</span> <span class='ocrx_word' id='word_1_67' title='bbox 1415 832 1650 922; x_wconf 80' lang='grc' dir='ltr'><strong><em>νεωτερισμῷ</em></strong></span> <span class='ocrx_word' id='word_1_68' title='bbox 1675 819 1900 920; x_wconf 76' lang='grc' dir='ltr'><strong><em>συνομοσιάς</em></strong></span> <span class='ocrx_word' id='word_1_69' title='bbox 1915 824 2126 924; x_wconf 76' lang='grc' dir='ltr'><strong><em>πεπραγμέ-</em></strong></span> <span class='ocrx_word' id='word_1_70' title='bbox 2179 877 2185 890; x_wconf 88' lang='grc'><strong>.</strong></span> 
     </span>
    </p>
   </div>
   <div class='ocr_carea' id='block_1_6' title="bbox 89 924 2125 1329">
    <p class='ocr_par' dir='ltr' id='par_1_6' title="bbox 89 924 2125 1329">
     <span class='ocr_line' id='line_1_7' title="bbox 90 924 2125 1018; baseline -0.002 -15"><span class='ocrx_word' id='word_1_71' title='bbox 90 946 204 1004; x_wconf 87' lang='lat' dir='ltr'>tamen</span> <span class='ocrx_word' id='word_1_72' title='bbox 223 928 357 1000; x_wconf 88' lang='lat' dir='ltr'>Filium</span> <span class='ocrx_word' id='word_1_73' title='bbox 376 927 445 998; x_wconf 90' lang='lat' dir='ltr'>Dei</span> <span class='ocrx_word' id='word_1_74' title='bbox 467 930 697 999; x_wconf 89' lang='lat' dir='ltr'>collecturum</span> <span class='ocrx_word' id='word_1_75' title='bbox 720 952 793 1000; x_wconf 88' lang='lat' dir='ltr'>esse</span> <span class='ocrx_word' id='word_1_76' title='bbox 816 942 993 1000; x_wconf 77' lang='lat' dir='ltr'>aeternam</span> <span class='ocrx_word' id='word_1_77' title='bbox 1009 925 1079 999; x_wconf 89' lang='lat' dir='ltr'>Ec·</span> <span class='ocrx_word' id='word_1_78' title='bbox 1128 953 1190 1001; x_wconf 89' lang='grc' dir='ltr'>να.</span> <span class='ocrx_word' id='word_1_79' title='bbox 1249 930 1357 1000; x_wconf 85' lang='lat' dir='ltr'>Venit</span> <span class='ocrx_word' id='word_1_80' title='bbox 1380 924 1470 998; x_wconf 88' lang='lat' dir='ltr'>mihi</span> <span class='ocrx_word' id='word_1_81' title='bbox 1496 930 1535 997; x_wconf 89' lang='lat' dir='ltr'>in</span> <span class='ocrx_word' id='word_1_82' title='bbox 1563 943 1717 998; x_wconf 82' lang='lat' dir='ltr'>mentem</span> <span class='ocrx_word' id='word_1_83' title='bbox 1741 925 1827 998; x_wconf 90' lang='lat' dir='ltr'>haec</span> <span class='ocrx_word' id='word_1_84' title='bbox 1857 929 1965 998; x_wconf 89' lang='lat' dir='ltr'>verba</span> <span class='ocrx_word' id='word_1_85' title='bbox 1995 929 2125 1018; x_wconf 84' lang='lat' dir='ltr'>legenti</span> 
     </span>
     <span class='ocr_line' id='line_1_8' title="bbox 91 1024 2124 1123; baseline -0.003 -17"><span class='ocrx_word' id='word_1_86' title='bbox 91 1033 245 1116; x_wconf 74' lang='lat' dir='ltr'>alesiam,</span> <span class='ocrx_word' id='word_1_87' title='bbox 278 1031 382 1103; x_wconf 90' lang='lat' dir='ltr'>etiam</span> <span class='ocrx_word' id='word_1_88' title='bbox 403 1029 498 1099; x_wconf 90' lang='lat' dir='ltr'>inter</span> <span class='ocrx_word' id='word_1_89' title='bbox 520 1029 751 1122; x_wconf 89' lang='lat' dir='ltr'>imperiorum</span> <span class='ocrx_word' id='word_1_90' title='bbox 774 1031 915 1112; x_wconf 87' lang='lat' dir='ltr'>ruinas,</span> <span class='ocrx_word' id='word_1_91' title='bbox 941 1043 976 1100; x_wconf 91' lang='lat' dir='ltr'>et</span> <span class='ocrx_word' id='word_1_92' title='bbox 997 1030 1079 1123; x_wconf 84' lang='lat' dir='ltr'>qni·</span> <span class='ocrx_word' id='word_1_93' title='bbox 1130 1031 1260 1121; x_wconf 85' lang='lat' dir='ltr'>figurae</span> <span class='ocrx_word' id='word_1_94' title='bbox 1276 1025 1348 1103; x_wconf 74' lang='lat' dir='ltr'>aab</span> <span class='ocrx_word' id='word_1_95' title='bbox 1362 1035 1451 1121; x_wconf 84' lang='grc' dir='ltr'><strong><em>μιᾶς</em></strong></span> <span class='ocrx_word' id='word_1_96' title='bbox 1466 1031 1559 1121; x_wconf 87' lang='lat' dir='ltr'>apud</span> <span class='ocrx_word' id='word_1_97' title='bbox 1576 1029 1720 1105; x_wconf 89' lang='lat' dir='ltr'>Lucam.</span> <span class='ocrx_word' id='word_1_98' title='bbox 1763 1028 1841 1100; x_wconf 88' lang='lat' dir='ltr'>Etsi</span> <span class='ocrx_word' id='word_1_99' title='bbox 1856 1045 1973 1100; x_wconf 87' lang='lat' dir='ltr'>autern</span> <span class='ocrx_word' id='word_1_100' title='bbox 1989 1024 2045 1098; x_wconf 90' lang='lat' dir='ltr'>his</span> <span class='ocrx_word' id='word_1_101' title='bbox 2060 1031 2124 1099; x_wconf 88' lang='lat' dir='ltr'>ad-</span> 
     </span>
     <span class='ocr_line' id='line_1_9' title="bbox 90 1123 2122 1225; baseline -0.002 -20"><span class='ocrx_word' id='word_1_102' title='bbox 90 1137 164 1205; x_wconf 89' lang='lat' dir='ltr'>dem</span> <span class='ocrx_word' id='word_1_103' title='bbox 179 1133 217 1202; x_wconf 93' lang='lat' dir='ltr'>in</span> <span class='ocrx_word' id='word_1_104' title='bbox 232 1131 276 1204; x_wconf 90' lang='lat' dir='ltr'>iis</span> <span class='ocrx_word' id='word_1_105' title='bbox 290 1131 449 1224; x_wconf 87' lang='lat' dir='ltr'>populis,</span> <span class='ocrx_word' id='word_1_106' title='bbox 480 1131 575 1202; x_wconf 89' lang='lat' dir='ltr'>inter</span> <span class='ocrx_word' id='word_1_107' title='bbox 588 1155 677 1225; x_wconf 90' lang='lat' dir='ltr'>quos</span> <span class='ocrx_word' id='word_1_108' title='bbox 693 1127 880 1222; x_wconf 81' lang='lat' dir='ltr'>Evangelii</span> <span class='ocrx_word' id='word_1_109' title='bbox 894 1157 961 1202; x_wconf 80' lang='lat' dir='ltr'>vor</span> <span class='ocrx_word' id='word_1_110' title='bbox 977 1145 1079 1202; x_wconf 90' lang='lat' dir='ltr'>sonat</span> <span class='ocrx_word' id='word_1_111' title='bbox 1129 1133 1243 1202; x_wconf 89' lang='lat' dir='ltr'>ditum</span> <span class='ocrx_word' id='word_1_112' title='bbox 1268 1147 1319 1204; x_wconf 89' lang='lat' dir='ltr'>cst</span> <span class='ocrx_word' id='word_1_113' title='bbox 1336 1131 1613 1218; x_wconf 87' lang='lat' dir='ltr'>substantivum,</span> <span class='ocrx_word' id='word_1_114' title='bbox 1646 1145 1764 1202; x_wconf 91' lang='lat' dir='ltr'>tamen</span> <span class='ocrx_word' id='word_1_115' title='bbox 1781 1123 1973 1224; x_wconf 56' lang='lat' dir='ltr'>id&#39;quoque</span> <span class='ocrx_word' id='word_1_116' title='bbox 1987 1133 2031 1200; x_wconf 90' lang='lat' dir='ltr'>ad</span> <span class='ocrx_word' id='word_1_117' title='bbox 2048 1129 2122 1202; x_wconf 91' lang='lat' dir='ltr'>Lu-</span> 
     </span>
     <span class='ocr_line' id='line_1_10' title="bbox 89 1229 2124 1329; baseline -0.003 -24"><span class='ocrx_word' id='word_1_118' title='bbox 89 1236 303 1325; x_wconf 81' lang='lat' dir='ltr'>ineorrupta.</span> <span class='ocrx_word' id='word_1_119' title='bbox 351 1231 429 1302; x_wconf 86' lang='lat' dir='ltr'>Hae</span> <span class='ocrx_word' id='word_1_120' title='bbox 449 1255 515 1302; x_wconf 85' lang='lat' dir='ltr'>nos</span> <span class='ocrx_word' id='word_1_121' title='bbox 538 1233 779 1302; x_wconf 83' lang='lat' dir='ltr'>consolatione</span> <span class='ocrx_word' id='word_1_122' title='bbox 801 1257 883 1303; x_wconf 88' lang='lat' dir='ltr'>vera</span> <span class='ocrx_word' id='word_1_123' title='bbox 905 1247 1078 1304; x_wconf 86' lang='lat' dir='ltr'>sustente-</span> <span class='ocrx_word' id='word_1_124' title='bbox 1128 1257 1202 1304; x_wconf 90' lang='lat' dir='ltr'>cam</span> <span class='ocrx_word' id='word_1_125' title='bbox 1221 1235 1394 1324; x_wconf 89' lang='lat' dir='ltr'>congruit.</span> <span class='ocrx_word' id='word_1_126' title='bbox 1444 1229 1607 1302; x_wconf 82' lang='lat' dir='ltr'>Iacobus</span> <span class='ocrx_word' id='word_1_127' title='bbox 1618 1230 1643 1329; x_wconf 89' lang='lat'>¹)</span> <span class='ocrx_word' id='word_1_128' title='bbox 1660 1245 1805 1302; x_wconf 90' lang='lat' dir='ltr'>ornatus</span> <span class='ocrx_word' id='word_1_129' title='bbox 1820 1246 1871 1302; x_wconf 88' lang='lat' dir='ltr'>est</span> <span class='ocrx_word' id='word_1_130' title='bbox 1886 1233 2028 1324; x_wconf 88' lang='lat' dir='ltr'>publico</span> <span class='ocrx_word' id='word_1_131' title='bbox 2043 1255 2124 1322; x_wconf 88' lang='lat' dir='ltr'>gra-</span> 
     </span>
    </p>
   </div>
   <div class='ocr_carea' id='block_1_7' title="bbox 88 1327 2213 1428">
    <p class='ocr_par' dir='ltr' id='par_1_7' title="bbox 88 1327 2213 1428">
     <span class='ocr_line' id='line_1_11' title="bbox 88 1327 2213 1428; baseline -0.002 -22"><span class='ocrx_word' id='word_1_132' title='bbox 88 1360 181 1422; x_wconf 84' lang='lat' dir='ltr'>mus3</span> <span class='ocrx_word' id='word_1_133' title='bbox 219 1358 398 1428; x_wconf 89' lang='lat' dir='ltr'>speremus</span> <span class='ocrx_word' id='word_1_134' title='bbox 422 1333 547 1418; x_wconf 87' lang='lat' dir='ltr'>etiarn,</span> <span class='ocrx_word' id='word_1_135' title='bbox 579 1329 758 1404; x_wconf 85' lang='lat' dir='ltr'>Ecclesiae</span> <span class='ocrx_word' id='word_1_136' title='bbox 783 1327 937 1426; x_wconf 92' lang='lat' dir='ltr'>hospitia</span> <span class='ocrx_word' id='word_1_137' title='bbox 958 1333 1075 1427; x_wconf 89' lang='lat' dir='ltr'>aliqua</span> <span class='ocrx_word' id='word_1_138' title='bbox 1129 1335 1195 1404; x_wconf 90' lang='lat' dir='ltr'>dus</span> <span class='ocrx_word' id='word_1_139' title='bbox 1210 1335 1424 1420; x_wconf 88' lang='lat' dir='ltr'>testimonio,</span> <span class='ocrx_word' id='word_1_140' title='bbox 1449 1338 1544 1428; x_wconf 90' lang='lat' dir='ltr'>quod</span> <span class='ocrx_word' id='word_1_141' title='bbox 1563 1335 1596 1402; x_wconf 84' lang='lat' dir='ltr'>ei</span> <span class='ocrx_word' id='word_1_142' title='bbox 1610 1336 1764 1406; x_wconf 90' lang='lat' dir='ltr'>libenter</span> <span class='ocrx_word' id='word_1_143' title='bbox 1777 1333 1965 1404; x_wconf 87' lang='lat' dir='ltr'>tribuimus</span> <span class='ocrx_word' id='word_1_144' title='bbox 1979 1346 2124 1423; x_wconf 86' lang='lat' dir='ltr'>propter</span> <span class='ocrx_word' id='word_1_145' title='bbox 2211 1371 2213 1376; x_wconf 96' lang='lat'>·</span> 
     </span>
    </p>
   </div>
   <div class='ocr_carea' id='block_1_8' title="bbox 77 1432 2124 3466">
    <p class='ocr_par' dir='ltr' id='par_1_8' title="bbox 81 1432 2124 2442">
     <span class='ocr_line' id='line_1_12' title="bbox 86 1432 2123 1526; baseline -0.002 -19"><span class='ocrx_word' id='word_1_146' title='bbox 86 1437 200 1508; x_wconf 73' lang='lat' dir='ltr'>fertura</span> <span class='ocrx_word' id='word_1_147' title='bbox 230 1461 313 1509; x_wconf 89' lang='lat' dir='ltr'>esse.</span> <span class='ocrx_word' id='word_1_148' title='bbox 378 1432 574 1504; x_wconf 88' lang='lat' dir='ltr'>Laudanda</span> <span class='ocrx_word' id='word_1_149' title='bbox 602 1447 654 1505; x_wconf 88' lang='lat' dir='ltr'>cst</span> <span class='ocrx_word' id='word_1_150' title='bbox 677 1434 786 1524; x_wconf 91' lang='lat' dir='ltr'>igitur</span> <span class='ocrx_word' id='word_1_151' title='bbox 807 1435 920 1506; x_wconf 88' lang='lat' dir='ltr'>virtus</span> <span class='ocrx_word' id='word_1_152' title='bbox 943 1437 1098 1524; x_wconf 74' lang='lat' dir='ltr'>eornm„</span> <span class='ocrx_word' id='word_1_153' title='bbox 1127 1435 1238 1526; x_wconf 88' lang='lat' dir='ltr'>ipsius</span> <span class='ocrx_word' id='word_1_154' title='bbox 1258 1439 1427 1507; x_wconf 88' lang='lat' dir='ltr'>virtutem</span> <span class='ocrx_word' id='word_1_155' title='bbox 1444 1451 1478 1507; x_wconf 89' lang='lat' dir='ltr'>et</span> <span class='ocrx_word' id='word_1_156' title='bbox 1495 1437 1743 1526; x_wconf 77' lang='lat' dir='ltr'>eruditionem.</span> <span class='ocrx_word' id='word_1_157' title='bbox 1795 1433 1904 1503; x_wconf 88' lang='lat' dir='ltr'>Mitto</span> <span class='ocrx_word' id='word_1_158' title='bbox 1921 1452 2061 1502; x_wconf 88' lang='lat' dir='ltr'>carmen</span> <span class='ocrx_word' id='word_1_159' title='bbox 2080 1435 2123 1502; x_wconf 90' lang='lat' dir='ltr'>de</span> 
     </span>
     <span class='ocr_line' id='line_1_13' title="bbox 86 1521 2124 1632; baseline -0.002 -26"><span class='ocrx_word' id='word_1_160' title='bbox 86 1539 145 1632; x_wconf 90' lang='lat' dir='ltr'>qui</span> <span class='ocrx_word' id='word_1_161' title='bbox 165 1537 348 1608; x_wconf 85' lang='lat' dir='ltr'>doctrinae</span> <span class='ocrx_word' id='word_1_162' title='bbox 370 1535 484 1606; x_wconf 88' lang='lat' dir='ltr'>studia</span> <span class='ocrx_word' id='word_1_163' title='bbox 507 1535 904 1606; x_wconf 85' lang='lat' dir='ltr'>coluntautadiurant.</span> <span class='ocrx_word' id='word_1_164' title='bbox 956 1533 1076 1624; x_wconf 87' lang='lat' dir='ltr'>Quare</span> <span class='ocrx_word' id='word_1_165' title='bbox 1127 1538 1394 1608; x_wconf 89' lang='lat' dir='ltr'>renunciatione</span> <span class='ocrx_word' id='word_1_166' title='bbox 1409 1537 1612 1610; x_wconf 89' lang='lat' dir='ltr'>testimonii.</span> <span class='ocrx_word' id='word_1_167' title='bbox 1646 1533 1918 1608; x_wconf 88' lang='lat' dir='ltr'>Orationem&#39;de</span> <span class='ocrx_word' id='word_1_168' title='bbox 1932 1521 2124 1630; x_wconf 82' lang='lat' dir='ltr'>Capnioae</span> 
     </span>
     <span class='ocr_line' id='line_1_14' title="bbox 87 1619 2124 1733; baseline -0.002 -25"><span class='ocrx_word' id='word_1_169' title='bbox 87 1653 120 1710; x_wconf 90' lang='lat' dir='ltr'>et</span> <span class='ocrx_word' id='word_1_170' title='bbox 137 1634 234 1708; x_wconf 86' lang='lat' dir='ltr'>hune</span> <span class='ocrx_word' id='word_1_171' title='bbox 247 1633 285 1708; x_wconf 89' lang='grc' dir='ltr'><em>Τ</em></span> <span class='ocrx_word' id='word_1_172' title='bbox 284 1631 433 1706; x_wconf 77' lang='lat' dir='ltr'>hemam</span> <span class='ocrx_word' id='word_1_173' title='bbox 447 1619 742 1730; x_wconf 79' lang='lat' dir='ltr'>Herspachiam,</span> <span class='ocrx_word' id='word_1_174' title='bbox 767 1649 889 1708; x_wconf 91' lang='lat' dir='ltr'>natum</span> <span class='ocrx_word' id='word_1_175' title='bbox 914 1638 952 1706; x_wconf 93' lang='lat' dir='ltr'>in</span> <span class='ocrx_word' id='word_1_176' title='bbox 972 1637 1075 1728; x_wconf 92' lang='lat' dir='ltr'>oppi-</span> <span class='ocrx_word' id='word_1_177' title='bbox 1127 1639 1263 1707; x_wconf 90' lang='lat' dir='ltr'>mittam</span> <span class='ocrx_word' id='word_1_178' title='bbox 1278 1663 1383 1733; x_wconf 88' lang='lat' dir='ltr'>qnam</span> <span class='ocrx_word' id='word_1_179' title='bbox 1400 1639 1556 1730; x_wconf 90' lang='lat' dir='ltr'>primum</span> <span class='ocrx_word' id='word_1_180' title='bbox 1571 1651 1705 1730; x_wconf 81' lang='lat' dir='ltr'>potero.</span> <span class='ocrx_word' id='word_1_181' title='bbox 1756 1633 2124 1729; x_wconf 84' lang='lat' dir='ltr'>Nunreuimatypo-</span> 
     </span>
     <span class='ocr_line' id='line_1_15' title="bbox 85 1733 2124 1831; baseline -0.003 -20"><span class='ocrx_word' id='word_1_182' title='bbox 85 1742 128 1810; x_wconf 86' lang='lat' dir='ltr'>do</span> <span class='ocrx_word' id='word_1_183' title='bbox 145 1734 299 1820; x_wconf 89' lang='lat' dir='ltr'>Gottha,</span> <span class='ocrx_word' id='word_1_184' title='bbox 330 1739 369 1807; x_wconf 90' lang='lat' dir='ltr'>in</span> <span class='ocrx_word' id='word_1_185' title='bbox 382 1737 515 1808; x_wconf 83' lang='lat' dir='ltr'>familia</span> <span class='ocrx_word' id='word_1_186' title='bbox 532 1733 697 1824; x_wconf 89' lang='lat' dir='ltr'>honesta,</span> <span class='ocrx_word' id='word_1_187' title='bbox 723 1737 1009 1808; x_wconf 65' lang='lat' dir='ltr'>omnibus&#39;bonis</span> <span class='ocrx_word' id='word_1_188' title='bbox 1022 1737 1076 1806; x_wconf 90' lang='lat' dir='ltr'>vi·</span> <span class='ocrx_word' id='word_1_189' title='bbox 1125 1736 1268 1831; x_wconf 81' lang='lat' dir='ltr'>graphia</span> <span class='ocrx_word' id='word_1_190' title='bbox 1284 1743 1446 1811; x_wconf 90' lang='lat' dir='ltr'>nondum</span> <span class='ocrx_word' id='word_1_191' title='bbox 1463 1741 1553 1810; x_wconf 86' lang='lat' dir='ltr'>edita</span> <span class='ocrx_word' id='word_1_192' title='bbox 1569 1753 1652 1810; x_wconf 85' lang='lat' dir='ltr'>erat.</span> <span class='ocrx_word' id='word_1_193' title='bbox 1705 1735 1829 1830; x_wconf 86' lang='lat' dir='ltr'>Teque</span> <span class='ocrx_word' id='word_1_194' title='bbox 1845 1761 1928 1822; x_wconf 91' lang='lat' dir='ltr'>oro,</span> <span class='ocrx_word' id='word_1_195' title='bbox 1957 1750 1998 1806; x_wconf 88' lang='lat' dir='ltr'>ut</span> <span class='ocrx_word' id='word_1_196' title='bbox 2021 1759 2124 1826; x_wconf 88' lang='lat' dir='ltr'>saepe</span> 
     </span>
     <span class='ocr_line' id='line_1_16' title="bbox 84 1835 2122 1932; baseline -0.004 -20"><span class='ocrx_word' id='word_1_197' title='bbox 84 1841 131 1912; x_wconf 87' lang='lat' dir='ltr'>ris</span> <span class='ocrx_word' id='word_1_198' title='bbox 148 1841 375 1921; x_wconf 88' lang='lat' dir='ltr'>commendo,</span> <span class='ocrx_word' id='word_1_199' title='bbox 404 1839 486 1932; x_wconf 87' lang='lat' dir='ltr'>qui,</span> <span class='ocrx_word' id='word_1_200' title='bbox 511 1863 590 1909; x_wconf 90' lang='lat' dir='ltr'>cum</span> <span class='ocrx_word' id='word_1_201' title='bbox 607 1853 733 1910; x_wconf 89' lang='lat' dir='ltr'>natura</span> <span class='ocrx_word' id='word_1_202' title='bbox 754 1839 866 1931; x_wconf 89' lang='lat' dir='ltr'>ipsius</span> <span class='ocrx_word' id='word_1_203' title='bbox 881 1841 927 1910; x_wconf 90' lang='lat' dir='ltr'>sit</span> <span class='ocrx_word' id='word_1_204' title='bbox 943 1840 1076 1911; x_wconf 88' lang='lat' dir='ltr'>doctri·</span> <span class='ocrx_word' id='word_1_205' title='bbox 1125 1843 1230 1911; x_wconf 90' lang='lat' dir='ltr'>nobis</span> <span class='ocrx_word' id='word_1_206' title='bbox 1246 1844 1388 1912; x_wconf 80' lang='lat' dir='ltr'>scribas.</span> <span class='ocrx_word' id='word_1_207' title='bbox 1424 1839 1503 1912; x_wconf 90' lang='lat' dir='ltr'>Etsi</span> <span class='ocrx_word' id='word_1_208' title='bbox 1522 1842 1616 1911; x_wconf 91' lang='lat' dir='ltr'>enim</span> <span class='ocrx_word' id='word_1_209' title='bbox 1631 1840 1670 1910; x_wconf 91' lang='lat' dir='ltr'>in</span> <span class='ocrx_word' id='word_1_210' title='bbox 1683 1835 1840 1909; x_wconf 86' lang='lat' dir='ltr'>Ecclesia</span> <span class='ocrx_word' id='word_1_211' title='bbox 1855 1838 1996 1908; x_wconf 86' lang='lat' dir='ltr'>coelesti</span> <span class='ocrx_word' id='word_1_212' title='bbox 2010 1838 2122 1926; x_wconf 87' lang='lat' dir='ltr'>magis</span> 
     </span>
     <span class='ocr_line' id='line_1_17' title="bbox 84 1939 2122 2032; baseline -0.002 -20"><span class='ocrx_word' id='word_1_213' title='bbox 84 1966 146 2012; x_wconf 90' lang='lat' dir='ltr'>nae</span> <span class='ocrx_word' id='word_1_214' title='bbox 168 1942 271 2012; x_wconf 82' lang='lat' dir='ltr'>avida</span> <span class='ocrx_word' id='word_1_215' title='bbox 294 1955 327 2011; x_wconf 88' lang='lat' dir='ltr'>et</span> <span class='ocrx_word' id='word_1_216' title='bbox 348 1965 472 2032; x_wconf 87' lang='lat' dir='ltr'>capax,</span> <span class='ocrx_word' id='word_1_217' title='bbox 506 1955 541 2012; x_wconf 88' lang='lat' dir='ltr'>et</span> <span class='ocrx_word' id='word_1_218' title='bbox 561 1943 606 2010; x_wconf 92' lang='lat' dir='ltr'>ad</span> <span class='ocrx_word' id='word_1_219' title='bbox 625 1941 791 2012; x_wconf 91' lang='lat' dir='ltr'>virtutem</span> <span class='ocrx_word' id='word_1_220' title='bbox 809 1940 975 2026; x_wconf 89' lang='lat' dir='ltr'>incitata,</span> <span class='ocrx_word' id='word_1_221' title='bbox 1001 1955 1075 2010; x_wconf 91' lang='lat' dir='ltr'>stu·</span> <span class='ocrx_word' id='word_1_222' title='bbox 1124 1944 1287 2012; x_wconf 81' lang='lat' dir='ltr'>fruemur</span> <span class='ocrx_word' id='word_1_223' title='bbox 1299 1944 1452 2014; x_wconf 88' lang='lat' dir='ltr'>amicitia</span> <span class='ocrx_word' id='word_1_224' title='bbox 1470 1959 1608 2026; x_wconf 89' lang='lat' dir='ltr'>nostra,</span> <span class='ocrx_word' id='word_1_225' title='bbox 1634 1955 1752 2012; x_wconf 90' lang='lat' dir='ltr'>tamen</span> <span class='ocrx_word' id='word_1_226' title='bbox 1767 1963 1862 2009; x_wconf 91' lang='lat' dir='ltr'>nunc</span> <span class='ocrx_word' id='word_1_227' title='bbox 1878 1961 2030 2032; x_wconf 76' lang='lat' dir='ltr'>qaroque,</span> <span class='ocrx_word' id='word_1_228' title='bbox 2055 1939 2122 2008; x_wconf 92' lang='lat' dir='ltr'>do·</span> 
     </span>
     <span class='ocr_line' id='line_1_18' title="bbox 85 2041 2121 2136; baseline -0.002 -23"><span class='ocrx_word' id='word_1_229' title='bbox 85 2045 179 2114; x_wconf 87' lang='lat' dir='ltr'>diosc</span> <span class='ocrx_word' id='word_1_230' title='bbox 208 2041 333 2113; x_wconf 87' lang='lat' dir='ltr'>didicit</span> <span class='ocrx_word' id='word_1_231' title='bbox 359 2041 506 2112; x_wconf 86' lang='lat' dir='ltr'>latinam</span> <span class='ocrx_word' id='word_1_232' title='bbox 528 2056 562 2114; x_wconf 86' lang='lat' dir='ltr'>et</span> <span class='ocrx_word' id='word_1_233' title='bbox 584 2065 741 2131; x_wconf 87' lang='lat' dir='ltr'>graecam</span> <span class='ocrx_word' id='word_1_234' title='bbox 766 2041 943 2131; x_wconf 88' lang='lat' dir='ltr'>linguam,</span> <span class='ocrx_word' id='word_1_235' title='bbox 972 2042 1073 2113; x_wconf 90' lang='lat' dir='ltr'>initia</span> <span class='ocrx_word' id='word_1_236' title='bbox 1125 2068 1189 2112; x_wconf 89' lang='lat' dir='ltr'>nec</span> <span class='ocrx_word' id='word_1_237' title='bbox 1205 2067 1407 2134; x_wconf 87' lang='lat' dir='ltr'>possumus,</span> <span class='ocrx_word' id='word_1_238' title='bbox 1432 2045 1687 2136; x_wconf 86' lang='lat' dir='ltr'>colloquamur,</span> <span class='ocrx_word' id='word_1_239' title='bbox 1713 2041 1915 2131; x_wconf 89' lang='lat' dir='ltr'>praesertim</span> <span class='ocrx_word' id='word_1_240' title='bbox 1933 2063 2013 2109; x_wconf 89' lang='lat' dir='ltr'>cum</span> <span class='ocrx_word' id='word_1_241' title='bbox 2028 2061 2121 2109; x_wconf 87' lang='lat' dir='ltr'>nova</span> 
     </span>
     <span class='ocr_line' id='line_1_19' title="bbox 82 2133 2121 2238; baseline -0.003 -22"><span class='ocrx_word' id='word_1_242' title='bbox 82 2137 332 2236; x_wconf 89' lang='lat' dir='ltr'>Philosophiae</span> <span class='ocrx_word' id='word_1_243' title='bbox 350 2157 384 2214; x_wconf 88' lang='lat' dir='ltr'>et</span> <span class='ocrx_word' id='word_1_244' title='bbox 398 2142 593 2214; x_wconf 90' lang='lat' dir='ltr'>doctrinam</span> <span class='ocrx_word' id='word_1_245' title='bbox 610 2139 787 2212; x_wconf 89' lang='lat' dir='ltr'>Ecclesiae</span> <span class='ocrx_word' id='word_1_246' title='bbox 805 2139 883 2217; x_wconf 90' lang='lat' dir='ltr'>Dei.</span> <span class='ocrx_word' id='word_1_247' title='bbox 932 2139 980 2214; x_wconf 89' lang='lat' dir='ltr'>Et</span> <span class='ocrx_word' id='word_1_248' title='bbox 995 2143 1074 2211; x_wconf 89' lang='lat' dir='ltr'>ani·</span> <span class='ocrx_word' id='word_1_249' title='bbox 1124 2145 1227 2214; x_wconf 83' lang='lat' dir='ltr'>exilia</span> <span class='ocrx_word' id='word_1_250' title='bbox 1243 2159 1472 2236; x_wconf 84' lang='lat' dir='ltr'>expectemus.</span> <span class='ocrx_word' id='word_1_251' title='bbox 1507 2143 1583 2214; x_wconf 90' lang='lat' dir='ltr'>Scis</span> <span class='ocrx_word' id='word_1_252' title='bbox 1598 2157 1715 2214; x_wconf 90' lang='lat' dir='ltr'>autem</span> <span class='ocrx_word' id='word_1_253' title='bbox 1731 2142 1839 2210; x_wconf 90' lang='lat' dir='ltr'>illud:</span> <span class='ocrx_word' id='word_1_254' title='bbox 1865 2133 1938 2234; x_wconf 73' lang='grc' dir='ltr'>ἡδύ</span> <span class='ocrx_word' id='word_1_255' title='bbox 1952 2165 1995 2238; x_wconf 76' lang='grc' dir='ltr'>με</span> <span class='ocrx_word' id='word_1_256' title='bbox 2008 2133 2121 2235; x_wconf 84' lang='grc' dir='ltr'><strong><em>φίλου</em></strong></span> 
     </span>
     <span class='ocr_line' id='line_1_20' title="bbox 83 2237 2120 2344; baseline -0.004 -29"><span class='ocrx_word' id='word_1_257' title='bbox 83 2247 131 2315; x_wconf 90' lang='lat' dir='ltr'>mi</span> <span class='ocrx_word' id='word_1_258' title='bbox 157 2247 323 2338; x_wconf 87' lang='lat' dir='ltr'>pietatem</span> <span class='ocrx_word' id='word_1_259' title='bbox 346 2240 490 2316; x_wconf 87' lang='lat' dir='ltr'>honesta</span> <span class='ocrx_word' id='word_1_260' title='bbox 514 2269 654 2314; x_wconf 90' lang='lat' dir='ltr'>morum</span> <span class='ocrx_word' id='word_1_261' title='bbox 676 2243 933 2334; x_wconf 83' lang='lat' dir='ltr'>gubernatione</span> <span class='ocrx_word' id='word_1_262' title='bbox 955 2245 1073 2314; x_wconf 87' lang='lat' dir='ltr'>decla·</span> <span class='ocrx_word' id='word_1_263' title='bbox 1123 2237 1231 2344; x_wconf 78' lang='grc' dir='ltr'><strong><em>λόγος</em></strong></span> <span class='ocrx_word' id='word_1_264' title='bbox 1253 2241 1329 2316; x_wconf 80' lang='grc' dir='ltr'><em>ἐστὶ</em></span> <span class='ocrx_word' id='word_1_265' title='bbox 1351 2241 1603 2336; x_wconf 75' lang='grc' dir='ltr'><strong><em>λυπουμένοις.</em></strong></span> <span class='ocrx_word' id='word_1_266' title='bbox 1656 2243 1755 2313; x_wconf 89' lang='lat' dir='ltr'>Bene</span> <span class='ocrx_word' id='word_1_267' title='bbox 1774 2243 1865 2316; x_wconf 87' lang='lat' dir='ltr'>vale.</span> <span class='ocrx_word' id='word_1_268' title='bbox 1915 2239 1984 2312; x_wconf 91' lang='lat' dir='ltr'>Die</span> <span class='ocrx_word' id='word_1_269' title='bbox 2008 2239 2120 2310; x_wconf 88' lang='lat' dir='ltr'>natali</span> 
     </span>
     <span class='ocr_line' id='line_1_21' title="bbox 81 2338 1812 2442; baseline 0.001 -26"><span class='ocrx_word' id='word_1_270' title='bbox 81 2361 151 2432; x_wconf 90' lang='lat' dir='ltr'>rat,</span> <span class='ocrx_word' id='word_1_271' title='bbox 182 2361 217 2418; x_wconf 89' lang='lat' dir='ltr'>et</span> <span class='ocrx_word' id='word_1_272' title='bbox 240 2370 322 2416; x_wconf 89' lang='lat' dir='ltr'>vera</span> <span class='ocrx_word' id='word_1_273' title='bbox 346 2345 413 2416; x_wconf 90' lang='lat' dir='ltr'>Dei</span> <span class='ocrx_word' id='word_1_274' title='bbox 435 2345 669 2419; x_wconf 89' lang='lat' dir='ltr'>invocatione.</span> <span class='ocrx_word' id='word_1_275' title='bbox 727 2341 895 2438; x_wconf 86' lang='lat' dir='ltr'>Amplius</span> <span class='ocrx_word' id='word_1_276' title='bbox 917 2345 1071 2417; x_wconf 90' lang='lat' dir='ltr'>triennio</span> <span class='ocrx_word' id='word_1_277' title='bbox 1123 2347 1232 2419; x_wconf 88' lang='lat' dir='ltr'>Ducis</span> <span class='ocrx_word' id='word_1_278' title='bbox 1248 2343 1416 2418; x_wconf 84' lang='lat' dir='ltr'>lobannis</span> <span class='ocrx_word' id='word_1_279' title='bbox 1435 2345 1606 2417; x_wconf 88' lang='lat' dir='ltr'>Friderici</span> <span class='ocrx_word' id='word_1_280' title='bbox 1622 2340 1674 2442; x_wconf 88' lang='lat'>²),</span> <span class='ocrx_word' id='word_1_281' title='bbox 1701 2338 1812 2418; x_wconf 77' lang='lat'>1552.</span> 
     </span>
    </p>

    <p class='ocr_par' dir='ltr' id='par_1_9' title="bbox 80 2441 1072 2526">
     <span class='ocr_line' id='line_1_22' title="bbox 80 2441 1072 2526; baseline -0.005 -6"><span class='ocrx_word' id='word_1_282' title='bbox 80 2448 213 2520; x_wconf 88' lang='lat' dir='ltr'>audivit</span> <span class='ocrx_word' id='word_1_283' title='bbox 227 2447 344 2517; x_wconf 83' lang='lat' dir='ltr'>virum</span> <span class='ocrx_word' id='word_1_284' title='bbox 362 2447 623 2526; x_wconf 84' lang='lat' dir='ltr'>doctissimum,</span> <span class='ocrx_word' id='word_1_285' title='bbox 641 2441 856 2516; x_wconf 79' lang='lat' dir='ltr'>Martinam</span> <span class='ocrx_word' id='word_1_286' title='bbox 874 2441 1072 2516; x_wconf 72' lang='lat' dir='ltr'>Sidamar-</span> 
     </span>
    </p>

    <p class='ocr_par' dir='ltr' id='par_1_10' title="bbox 79 2543 2115 2741">
     <span class='ocr_line' id='line_1_23' title="bbox 81 2543 2115 2644; baseline -0.002 -26"><span class='ocrx_word' id='word_1_287' title='bbox 81 2573 186 2634; x_wconf 89' lang='lat' dir='ltr'>nam,</span> <span class='ocrx_word' id='word_1_288' title='bbox 210 2549 248 2617; x_wconf 93' lang='lat' dir='ltr'>in</span> <span class='ocrx_word' id='word_1_289' title='bbox 263 2548 393 2644; x_wconf 88' lang='lat' dir='ltr'>inclyta</span> <span class='ocrx_word' id='word_1_290' title='bbox 412 2545 600 2618; x_wconf 86' lang='lat' dir='ltr'>Academia</span> <span class='ocrx_word' id='word_1_291' title='bbox 615 2543 841 2621; x_wconf 87' lang='lat' dir='ltr'>Erfurdiana.</span> <span class='ocrx_word' id='word_1_292' title='bbox 892 2545 1017 2619; x_wconf 87' lang='lat' dir='ltr'>Postea</span> <span class='ocrx_word' id='word_1_293' title='bbox 1032 2550 1071 2616; x_wconf 93' lang='lat' dir='ltr'>in</span> <span class='ocrx_word' id='word_1_294' title='bbox 1126 2574 2115 2598; x_wconf 82' lang='lat'><strong>--—-·-----—-—--—-·---··-·-·-·-··-··-·</strong></span> 
     </span>
     <span class='ocr_line' id='line_1_24' title="bbox 79 2646 1072 2741; baseline -0.002 -19"><span class='ocrx_word' id='word_1_295' title='bbox 79 2646 266 2722; x_wconf 88' lang='lat' dir='ltr'>Academia</span> <span class='ocrx_word' id='word_1_296' title='bbox 282 2663 401 2719; x_wconf 89' lang='lat' dir='ltr'>nostra</span> <span class='ocrx_word' id='word_1_297' title='bbox 416 2650 568 2741; x_wconf 90' lang='lat' dir='ltr'>amplius</span> <span class='ocrx_word' id='word_1_298' title='bbox 584 2673 679 2718; x_wconf 89' lang='lat' dir='ltr'>anno</span> <span class='ocrx_word' id='word_1_299' title='bbox 695 2661 932 2720; x_wconf 90' lang='lat' dir='ltr'>commoratus</span> <span class='ocrx_word' id='word_1_300' title='bbox 947 2649 1072 2720; x_wconf 90' lang='lat' dir='ltr'>didicit</span> 
     </span>
    </p>

    <p class='ocr_par' dir='ltr' id='par_1_11' title="bbox 79 2737 2118 2937">
     <span class='ocr_line' id='line_1_25' title="bbox 80 2737 2118 2822; baseline -0.004 0"><span class='ocrx_word' id='word_1_301' title='bbox 80 2753 219 2822; x_wconf 84' lang='lat' dir='ltr'>exordia</span> <span class='ocrx_word' id='word_1_302' title='bbox 239 2751 462 2820; x_wconf 88' lang='lat' dir='ltr'>dulcissimae</span> <span class='ocrx_word' id='word_1_303' title='bbox 482 2750 663 2820; x_wconf 89' lang='lat' dir='ltr'>doctrinae</span> <span class='ocrx_word' id='word_1_304' title='bbox 680 2753 724 2821; x_wconf 92' lang='lat' dir='ltr'>de</span> <span class='ocrx_word' id='word_1_305' title='bbox 740 2751 895 2821; x_wconf 90' lang='lat' dir='ltr'>motibus</span> <span class='ocrx_word' id='word_1_306' title='bbox 911 2751 1071 2822; x_wconf 89' lang='lat' dir='ltr'>coelesti·</span> <span class='ocrx_word' id='word_1_307' title='bbox 1131 2743 1198 2816; x_wconf 89' lang='lat' dir='ltr'>No.</span> <span class='ocrx_word' id='word_1_308' title='bbox 1211 2741 1327 2818; x_wconf 81' lang='lat'>5141.</span> <span class='ocrx_word' id='word_1_309' title='bbox 2010 2751 2043 2813; x_wconf 86' lang='lat'>1.</span> <span class='ocrx_word' id='word_1_310' title='bbox 2058 2737 2118 2806; x_wconf 78' lang='lat' dir='ltr'>lul·</span> 
     </span>
     <span class='ocr_line' id='line_1_26' title="bbox 79 2839 1421 2937; baseline -0.003 -14"><span class='ocrx_word' id='word_1_311' title='bbox 79 2855 160 2937; x_wconf 89' lang='lat' dir='ltr'>bns,</span> <span class='ocrx_word' id='word_1_312' title='bbox 204 2866 239 2923; x_wconf 86' lang='lat' dir='ltr'>et</span> <span class='ocrx_word' id='word_1_313' title='bbox 270 2853 425 2922; x_wconf 89' lang='lat' dir='ltr'>decrevit</span> <span class='ocrx_word' id='word_1_314' title='bbox 455 2851 493 2920; x_wconf 92' lang='lat' dir='ltr'>in</span> <span class='ocrx_word' id='word_1_315' title='bbox 529 2847 702 2922; x_wconf 85' lang='lat' dir='ltr'>inchoatis</span> <span class='ocrx_word' id='word_1_316' title='bbox 737 2853 863 2923; x_wconf 88' lang='lat' dir='ltr'>studiis</span> <span class='ocrx_word' id='word_1_317' title='bbox 888 2851 1069 2922; x_wconf 87' lang='lat' dir='ltr'>doctrinae</span> <span class='ocrx_word' id='word_1_318' title='bbox 1127 2839 1339 2878; x_wconf 52' lang='grc' dir='ltr'><strong>Μ</strong></span> <span class='ocrx_word' id='word_1_319' title='bbox 1417 2863 1421 2869; x_wconf 88' lang='grc'><strong>’</strong></span> 
     </span>
    </p>

    <p class='ocr_par' dir='ltr' id='par_1_12' title="bbox 77 2937 2118 3466">
     <span class='ocr_line' id='line_1_27' title="bbox 79 2937 2090 3056; baseline 0 -32"><span class='ocrx_word' id='word_1_320' title='bbox 79 2950 298 3024; x_wconf 81' lang='lat' dir='ltr'>Christianae</span> <span class='ocrx_word' id='word_1_321' title='bbox 321 2966 355 3022; x_wconf 91' lang='lat' dir='ltr'>et</span> <span class='ocrx_word' id='word_1_322' title='bbox 377 2949 646 3045; x_wconf 75' lang='lat' dir='ltr'>philosophicae</span> <span class='ocrx_word' id='word_1_323' title='bbox 668 2954 899 3038; x_wconf 88' lang='lat' dir='ltr'>commorari,</span> <span class='ocrx_word' id='word_1_324' title='bbox 936 2968 970 3024; x_wconf 91' lang='lat' dir='ltr'>et</span> <span class='ocrx_word' id='word_1_325' title='bbox 991 2951 1067 3023; x_wconf 92' lang='lat' dir='ltr'>Deo</span> <span class='ocrx_word' id='word_1_326' title='bbox 1151 2940 1419 3056; x_wconf 73' lang='lat' dir='ltr'>(Testimon.</span> <span class='ocrx_word' id='word_1_327' title='bbox 1447 2937 1614 3027; x_wconf 74' lang='lat' dir='ltr'>Iacobo</span> <span class='ocrx_word' id='word_1_328' title='bbox 1644 2939 1871 3029; x_wconf 72' lang='lat' dir='ltr'>Camenitt·</span> <span class='ocrx_word' id='word_1_329' title='bbox 1895 2937 2090 3050; x_wconf 76' lang='lat' dir='ltr'>ditium.)</span> 
     </span>
     <span class='ocr_line' id='line_1_28' title="bbox 78 3050 1997 3150; baseline -0.001 -26"><span class='ocrx_word' id='word_1_330' title='bbox 78 3056 230 3126; x_wconf 89' lang='lat' dir='ltr'>iuvando</span> <span class='ocrx_word' id='word_1_331' title='bbox 259 3054 474 3146; x_wconf 87' lang='lat' dir='ltr'>reipublicae</span> <span class='ocrx_word' id='word_1_332' title='bbox 488 3050 515 3150; x_wconf 82' lang='lat'>¹)</span> <span class='ocrx_word' id='word_1_333' title='bbox 542 3055 682 3127; x_wconf 89' lang='lat' dir='ltr'>servire.</span> <span class='ocrx_word' id='word_1_334' title='bbox 746 3051 812 3125; x_wconf 89' lang='lat' dir='ltr'>Est</span> <span class='ocrx_word' id='word_1_335' title='bbox 835 3053 983 3125; x_wconf 89' lang='lat' dir='ltr'>omnino</span> <span class='ocrx_word' id='word_1_336' title='bbox 1006 3077 1068 3124; x_wconf 89' lang='lat' dir='ltr'>sua</span> <span class='ocrx_word' id='word_1_337' title='bbox 1993 3053 1997 3058; x_wconf 80' lang='grc'><strong>’</strong></span> 
     </span>
     <span class='ocr_line' id='line_1_29' title="bbox 78 3149 1068 3251; baseline -0.002 -25"><span class='ocrx_word' id='word_1_338' title='bbox 78 3157 199 3251; x_wconf 88' lang='lat' dir='ltr'>ruique</span> <span class='ocrx_word' id='word_1_339' title='bbox 215 3155 327 3226; x_wconf 86' lang='lat' dir='ltr'>virtus</span> <span class='ocrx_word' id='word_1_340' title='bbox 340 3156 527 3248; x_wconf 89' lang='lat' dir='ltr'>praecipua</span> <span class='ocrx_word' id='word_1_341' title='bbox 543 3157 813 3229; x_wconf 88' lang='lat' dir='ltr'>commendatio.</span> <span class='ocrx_word' id='word_1_342' title='bbox 864 3153 984 3244; x_wconf 88' lang='lat' dir='ltr'>Quare</span> <span class='ocrx_word' id='word_1_343' title='bbox 1002 3149 1068 3224; x_wconf 93' lang='lat' dir='ltr'>ho-</span> 
     </span>
     <span class='ocr_line' id='line_1_30' title="bbox 77 3257 2116 3368; baseline 0 -42"><span class='ocrx_word' id='word_1_344' title='bbox 77 3273 252 3327; x_wconf 90' lang='lat' dir='ltr'>nestorum</span> <span class='ocrx_word' id='word_1_345' title='bbox 281 3270 317 3330; x_wconf 89' lang='lat' dir='ltr'>et</span> <span class='ocrx_word' id='word_1_346' title='bbox 339 3259 553 3346; x_wconf 88' lang='lat' dir='ltr'>prudentum</span> <span class='ocrx_word' id='word_1_347' title='bbox 578 3257 736 3328; x_wconf 89' lang='lat' dir='ltr'>virorum</span> <span class='ocrx_word' id='word_1_348' title='bbox 760 3257 1004 3326; x_wconf 90' lang='lat' dir='ltr'>benevolentia</span> <span class='ocrx_word' id='word_1_349' title='bbox 1034 3269 1069 3328; x_wconf 89' lang='lat' dir='ltr'>et</span> <span class='ocrx_word' id='word_1_350' title='bbox 1119 3291 1385 3368; x_wconf 57' lang='lat' dir='ltr'><em>Testimonium</em></span> <span class='ocrx_word' id='word_1_351' title='bbox 1411 3289 1471 3366; x_wconf 64' lang='lat' dir='ltr'>Ph</span> <span class='ocrx_word' id='word_1_352' title='bbox 1503 3291 1563 3366; x_wconf 83' lang='lat' dir='ltr'><em>M</em></span> <span class='ocrx_word' id='word_1_353' title='bbox 1589 3289 1632 3365; x_wconf 66' lang='lat' dir='ltr'>d,</span> <span class='ocrx_word' id='word_1_354' title='bbox 1657 3289 1716 3364; x_wconf 81' lang='lat' dir='ltr'><em>M</em></span> <span class='ocrx_word' id='word_1_355' title='bbox 1741 3287 1919 3364; x_wconf 61' lang='lat' dir='ltr'><em>Iacobo</em></span> <span class='ocrx_word' id='word_1_356' title='bbox 1953 3281 2116 3364; x_wconf 65' lang='lat' dir='ltr'>Cam„</span> 
     </span>
     <span class='ocr_line' id='line_1_31' title="bbox 78 3341 2118 3466; baseline -0.001 -40"><span class='ocrx_word' id='word_1_357' title='bbox 78 3359 184 3430; x_wconf 85' lang='lat' dir='ltr'>officia</span> <span class='ocrx_word' id='word_1_358' title='bbox 212 3353 295 3426; x_wconf 90' lang='lat' dir='ltr'>huic</span> <span class='ocrx_word' id='word_1_359' title='bbox 318 3353 479 3427; x_wconf 91' lang='lat' dir='ltr'>Thomae</span> <span class='ocrx_word' id='word_1_360' title='bbox 501 3381 574 3426; x_wconf 92' lang='lat' dir='ltr'>non</span> <span class='ocrx_word' id='word_1_361' title='bbox 598 3359 767 3442; x_wconf 87' lang='lat' dir='ltr'>deerunt,</span> <span class='ocrx_word' id='word_1_362' title='bbox 800 3357 862 3427; x_wconf 90' lang='lat' dir='ltr'>uhi</span> <span class='ocrx_word' id='word_1_363' title='bbox 884 3357 1065 3447; x_wconf 88' lang='lat' dir='ltr'>ingenium</span> <span class='ocrx_word' id='word_1_364' title='bbox 1472 3348 1483 3372; x_wconf 80' lang='lat'>⁸</span> <span class='ocrx_word' id='word_1_365' title='bbox 1536 3341 1716 3466; x_wconf 45' lang='lat' dir='ltr'>,gl-cmo:</span> <span class='ocrx_word' id='word_1_366' title='bbox 2114 3353 2118 3366; x_wconf 91' lang='lat'><em>&#39;</em></span> 
     </span>
    </p>
   </div>
   <div class='ocr_carea' id='block_1_9' title="bbox 75 3455 2114 3754">
    <p class='ocr_par' dir='ltr' id='par_1_13' title="bbox 75 3455 2114 3754">
     <span class='ocr_line' id='line_1_32' title="bbox 77 3455 1065 3540; baseline 0.001 -13"><span class='ocrx_word' id='word_1_367' title='bbox 77 3460 163 3540; x_wconf 89' lang='lat' dir='ltr'>eins,</span> <span class='ocrx_word' id='word_1_368' title='bbox 199 3459 317 3528; x_wconf 91' lang='lat' dir='ltr'>studia</span> <span class='ocrx_word' id='word_1_369' title='bbox 339 3473 373 3529; x_wconf 89' lang='lat' dir='ltr'>et</span> <span class='ocrx_word' id='word_1_370' title='bbox 395 3459 602 3528; x_wconf 87' lang='lat' dir='ltr'>modestiam</span> <span class='ocrx_word' id='word_1_371' title='bbox 624 3459 934 3529; x_wconf 87' lang='lat' dir='ltr'>consideraverint.</span> <span class='ocrx_word' id='word_1_372' title='bbox 986 3455 1065 3528; x_wconf 87' lang='lat' dir='ltr'>Oro</span> 
     </span>
     <span class='ocr_line' id='line_1_33' title="bbox 75 3533 2114 3645; baseline -0.009 -16"><span class='ocrx_word' id='word_1_373' title='bbox 75 3576 186 3632; x_wconf 90' lang='lat' dir='ltr'>autem</span> <span class='ocrx_word' id='word_1_374' title='bbox 213 3558 345 3630; x_wconf 83' lang='lat' dir='ltr'>Filium</span> <span class='ocrx_word' id='word_1_375' title='bbox 368 3559 455 3645; x_wconf 88' lang='lat' dir='ltr'>Dei,</span> <span class='ocrx_word' id='word_1_376' title='bbox 482 3557 677 3630; x_wconf 87' lang='lat' dir='ltr'>Dominum</span> <span class='ocrx_word' id='word_1_377' title='bbox 701 3573 861 3630; x_wconf 86' lang='lat' dir='ltr'>nostrum</span> <span class='ocrx_word' id='word_1_378' title='bbox 879 3559 904 3628; x_wconf 89' lang='lat' dir='ltr'>l.</span> <span class='ocrx_word' id='word_1_379' title='bbox 920 3555 961 3632; x_wconf 82' lang='lat' dir='ltr'>C,</span> <span class='ocrx_word' id='word_1_380' title='bbox 984 3585 1066 3632; x_wconf 69' lang='lat' dir='ltr'>cru.</span> <span class='ocrx_word' id='word_1_381' title='bbox 1118 3533 1165 3620; x_wconf 83' lang='lat' dir='ltr'>S.</span> <span class='ocrx_word' id='word_1_382' title='bbox 1190 3543 1235 3616; x_wconf 86' lang='lat' dir='ltr'>D.</span> <span class='ocrx_word' id='word_1_383' title='bbox 1262 3545 1429 3614; x_wconf 89' lang='lat' dir='ltr'>omnibus</span> <span class='ocrx_word' id='word_1_384' title='bbox 1450 3543 1596 3614; x_wconf 86' lang='lat' dir='ltr'>lecturis</span> <span class='ocrx_word' id='word_1_385' title='bbox 1616 3539 1680 3616; x_wconf 92' lang='lat' dir='ltr'>has</span> <span class='ocrx_word' id='word_1_386' title='bbox 1699 3544 1832 3616; x_wconf 88' lang='lat' dir='ltr'>literas.</span> <span class='ocrx_word' id='word_1_387' title='bbox 1882 3538 2019 3612; x_wconf 86' lang='lat' dir='ltr'>Habuit</span> <span class='ocrx_word' id='word_1_388' title='bbox 2034 3563 2114 3628; x_wconf 87' lang='lat' dir='ltr'>gra-</span> 
     </span>
     <span class='ocr_line' id='line_1_34' title="bbox 76 3629 2114 3754; baseline -0.004 -36"><span class='ocrx_word' id='word_1_389' title='bbox 76 3661 212 3732; x_wconf 70' lang='lat' dir='ltr'>cifigum</span> <span class='ocrx_word' id='word_1_390' title='bbox 227 3683 291 3752; x_wconf 77' lang='lat' dir='ltr'>pro</span> <span class='ocrx_word' id='word_1_391' title='bbox 308 3663 412 3732; x_wconf 71' lang='lat' dir='ltr'>nobis</span> <span class='ocrx_word' id='word_1_392' title='bbox 428 3677 461 3733; x_wconf 71' lang='lat' dir='ltr'>et</span> <span class='ocrx_word' id='word_1_393' title='bbox 474 3663 718 3734; x_wconf 67' lang='lat' dir='ltr'>resuscitatum</span> <span class='ocrx_word' id='word_1_394' title='bbox 729 3657 772 3754; x_wconf 69' lang='lat'>²),</span> <span class='ocrx_word' id='word_1_395' title='bbox 798 3675 838 3732; x_wconf 74' lang='lat' dir='ltr'>ut</span> <span class='ocrx_word' id='word_1_396' title='bbox 852 3655 948 3729; x_wconf 80' lang='lat' dir='ltr'>hunc</span> <span class='ocrx_word' id='word_1_397' title='bbox 965 3656 1066 3730; x_wconf 87' lang='lat' dir='ltr'>Tho.</span> <span class='ocrx_word' id='word_1_398' title='bbox 1117 3673 1179 3718; x_wconf 66' lang='lat' dir='ltr'>ves</span> <span class='ocrx_word' id='word_1_399' title='bbox 1198 3669 1318 3716; x_wconf 66' lang='lat' dir='ltr'>caustis</span> <span class='ocrx_word' id='word_1_400' title='bbox 1335 3649 1550 3716; x_wconf 69' lang='lat' dir='ltr'>reverendus</span> <span class='ocrx_word' id='word_1_401' title='bbox 1565 3647 1641 3731; x_wconf 72' lang='lat' dir='ltr'>vlt,</span> <span class='ocrx_word' id='word_1_402' title='bbox 1666 3643 1842 3714; x_wconf 66' lang='lat' dir='ltr'>Dominus</span> <span class='ocrx_word' id='word_1_403' title='bbox 1860 3637 2020 3711; x_wconf 82' lang='lat' dir='ltr'>Iacobus</span> <span class='ocrx_word' id='word_1_404' title='bbox 2034 3629 2114 3710; x_wconf 76' lang='lat' dir='ltr'>Ga-</span> 
     </span>
    </p>
   </div>
   <div class='ocr_carea' id='block_1_10' title="bbox 73 3741 2114 4262">
    <p class='ocr_par' dir='ltr' id='par_1_14' title="bbox 73 3741 2114 4262">
     <span class='ocr_line' id='line_1_35' title="bbox 76 3741 2114 3854; baseline 0 -24"><span class='ocrx_word' id='word_1_405' title='bbox 76 3787 162 3832; x_wconf 89' lang='lat' dir='ltr'>mam</span> <span class='ocrx_word' id='word_1_406' title='bbox 185 3775 301 3832; x_wconf 86' lang='lat' dir='ltr'>servet</span> <span class='ocrx_word' id='word_1_407' title='bbox 320 3763 535 3834; x_wconf 89' lang='lat' dir='ltr'>incolumem</span> <span class='ocrx_word' id='word_1_408' title='bbox 551 3777 585 3834; x_wconf 89' lang='lat' dir='ltr'>et</span> <span class='ocrx_word' id='word_1_409' title='bbox 599 3764 789 3854; x_wconf 86' lang='lat' dir='ltr'>gubernet,</span> <span class='ocrx_word' id='word_1_410' title='bbox 816 3775 848 3831; x_wconf 90' lang='lat' dir='ltr'>et</span> <span class='ocrx_word' id='word_1_411' title='bbox 864 3762 967 3830; x_wconf 85' lang='lat' dir='ltr'>faciat</span> <span class='ocrx_word' id='word_1_412' title='bbox 984 3786 1063 3831; x_wconf 86' lang='lat' dir='ltr'>curn</span> <span class='ocrx_word' id='word_1_413' title='bbox 1116 3747 1319 3818; x_wconf 63' lang='lat' dir='ltr'>metuimus</span> <span class='ocrx_word' id='word_1_414' title='bbox 1351 3745 1538 3832; x_wconf 71' lang='lat' dir='ltr'>B⁰l⁰¹ffl¹⁵2</span> <span class='ocrx_word' id='word_1_415' title='bbox 1580 3748 1643 3840; x_wconf 70' lang='lat' dir='ltr'>(lui</span> <span class='ocrx_word' id='word_1_416' title='bbox 1682 3759 1802 3836; x_wconf 90' lang='lat' dir='ltr'>pastor</span> <span class='ocrx_word' id='word_1_417' title='bbox 1832 3745 1901 3814; x_wconf 86' lang='lat' dir='ltr'>fuit</span> <span class='ocrx_word' id='word_1_418' title='bbox 1934 3741 2114 3813; x_wconf 70' lang='lat' dir='ltr'>E⁶⁰l⁰⁵l³⁶</span> 
     </span>
     <span class='ocr_line' id='line_1_36' title="bbox 76 3843 2111 3953; baseline -0.01 -19"><span class='ocrx_word' id='word_1_419' title='bbox 76 3867 200 3946; x_wconf 84' lang='grc' dir='ltr'><strong><em>σκεῦος</em></strong></span> <span class='ocrx_word' id='word_1_420' title='bbox 234 3859 353 3946; x_wconf 76' lang='grc' dir='ltr'><strong><em>ἐλέους</em></strong></span> <span class='ocrx_word' id='word_1_421' title='bbox 381 3879 417 3936; x_wconf 87' lang='lat' dir='ltr'>et</span> <span class='ocrx_word' id='word_1_422' title='bbox 445 3887 616 3953; x_wconf 88' lang='lat' dir='ltr'>organum</span> <span class='ocrx_word' id='word_1_423' title='bbox 645 3865 796 3935; x_wconf 89' lang='lat' dir='ltr'>salutare</span> <span class='ocrx_word' id='word_1_424' title='bbox 824 3860 1002 3932; x_wconf 89' lang='lat' dir='ltr'>Ecclesiae</span> <span class='ocrx_word' id='word_1_425' title='bbox 1031 3876 1067 3934; x_wconf 89' lang='lat' dir='ltr'>et</span> <span class='ocrx_word' id='word_1_426' title='bbox 1117 3851 1312 3946; x_wconf 58' lang='lat' dir='ltr'>Senensis,</span> <span class='ocrx_word' id='word_1_427' title='bbox 1356 3863 1498 3941; x_wconf 88' lang='lat' dir='ltr'>propter</span> <span class='ocrx_word' id='word_1_428' title='bbox 1534 3871 1620 3940; x_wconf 89' lang='lat' dir='ltr'>quas</span> <span class='ocrx_word' id='word_1_429' title='bbox 1653 3847 1893 3916; x_wconf 89' lang='lat' dir='ltr'>testimonium</span> <span class='ocrx_word' id='word_1_430' title='bbox 1927 3843 2111 3936; x_wconf 88' lang='lat' dir='ltr'>publicum</span> 
     </span>
     <span class='ocr_line' id='line_1_37' title="bbox 73 3945 2112 4053; baseline -0.01 -20"><span class='ocrx_word' id='word_1_431' title='bbox 73 3987 149 4035; x_wconf 89' lang='lat' dir='ltr'>suae</span> <span class='ocrx_word' id='word_1_432' title='bbox 165 3964 317 4039; x_wconf 87' lang='lat' dir='ltr'>animae.</span> <span class='ocrx_word' id='word_1_433' title='bbox 350 3963 448 4034; x_wconf 92' lang='lat' dir='ltr'>Bene</span> <span class='ocrx_word' id='word_1_434' title='bbox 465 3965 560 4053; x_wconf 90' lang='lat' dir='ltr'>vale,</span> <span class='ocrx_word' id='word_1_435' title='bbox 586 3963 746 4036; x_wconf 88' lang='lat' dir='ltr'>Candide</span> <span class='ocrx_word' id='word_1_436' title='bbox 762 3963 899 4037; x_wconf 89' lang='lat' dir='ltr'>Lector.</span> <span class='ocrx_word' id='word_1_437' title='bbox 933 3959 1066 4034; x_wconf 90' lang='lat' dir='ltr'>Datum</span> <span class='ocrx_word' id='word_1_438' title='bbox 1116 3955 1297 4024; x_wconf 76' lang='lat' dir='ltr'>doctrinae</span> <span class='ocrx_word' id='word_1_439' title='bbox 1317 3951 1450 4042; x_wconf 82' lang='lat' dir='ltr'>petivit.</span> <span class='ocrx_word' id='word_1_440' title='bbox 1479 3945 1593 4018; x_wconf 90' lang='lat' dir='ltr'>·Cum</span> <span class='ocrx_word' id='word_1_441' title='bbox 1617 3949 1711 4018; x_wconf 85' lang='lat' dir='ltr'>enim</span> <span class='ocrx_word' id='word_1_442' title='bbox 1738 3947 1881 4040; x_wconf 90' lang='lat' dir='ltr'>quidam</span> <span class='ocrx_word' id='word_1_443' title='bbox 1907 3945 2018 4038; x_wconf 89' lang='lat' dir='ltr'>ipsius</span> <span class='ocrx_word' id='word_1_444' title='bbox 2039 3945 2112 4014; x_wconf 89' lang='lat' dir='ltr'>ini-</span> 
     </span>
     <span class='ocr_line' id='line_1_38' title="bbox 75 4047 2110 4159; baseline -0.005 -33"><span class='ocrx_word' id='word_1_445' title='bbox 75 4063 140 4138; x_wconf 75' lang='grc' dir='ltr'>Αῃ,</span> <span class='ocrx_word' id='word_1_446' title='bbox 166 4063 278 4140; x_wconf 78' lang='lat'><strong>1552.</strong></span> <span class='ocrx_word' id='word_1_447' title='bbox 303 4069 361 4138; x_wconf 70' lang='lat' dir='ltr'>dle</span> <span class='ocrx_word' id='word_1_448' title='bbox 388 4065 483 4138; x_wconf 79' lang='lat' dir='ltr'>lunii</span> <span class='ocrx_word' id='word_1_449' title='bbox 508 4065 660 4159; x_wconf 73' lang='lat' dir='ltr'>30,q110</span> <span class='ocrx_word' id='word_1_450' title='bbox 687 4080 766 4137; x_wconf 67' lang='lat' dir='ltr'>ante</span> <span class='ocrx_word' id='word_1_451' title='bbox 791 4089 904 4134; x_wconf 70' lang='lat' dir='ltr'>annos</span> <span class='ocrx_word' id='word_1_452' title='bbox 929 4063 979 4134; x_wconf 81' lang='grc'>49</span> <span class='ocrx_word' id='word_1_453' title='bbox 1000 4089 1065 4133; x_wconf 74' lang='lat' dir='ltr'>na.</span> <span class='ocrx_word' id='word_1_454' title='bbox 1116 4055 1198 4124; x_wconf 89' lang='lat' dir='ltr'>mici</span> <span class='ocrx_word' id='word_1_455' title='bbox 1220 4053 1435 4136; x_wconf 88' lang='lat' dir='ltr'>doctrinam,</span> <span class='ocrx_word' id='word_1_456' title='bbox 1467 4074 1572 4144; x_wconf 85' lang='lat' dir='ltr'>quarn</span> <span class='ocrx_word' id='word_1_457' title='bbox 1593 4051 1651 4142; x_wconf 90' lang='lat' dir='ltr'>pie</span> <span class='ocrx_word' id='word_1_458' title='bbox 1666 4063 1700 4120; x_wconf 90' lang='lat' dir='ltr'>et</span> <span class='ocrx_word' id='word_1_459' title='bbox 1717 4049 1867 4118; x_wconf 89' lang='lat' dir='ltr'>fideliter</span> <span class='ocrx_word' id='word_1_460' title='bbox 1884 4047 2023 4132; x_wconf 89' lang='lat' dir='ltr'>docuit,</span> <span class='ocrx_word' id='word_1_461' title='bbox 2051 4069 2110 4116; x_wconf 89' lang='lat' dir='ltr'>ca-</span> 
     </span>
     <span class='ocr_line' id='line_1_39' title="bbox 73 4149 2110 4262; baseline -0.005 -35"><span class='ocrx_word' id='word_1_462' title='bbox 73 4179 126 4236; x_wconf 80' lang='lat' dir='ltr'>tus</span> <span class='ocrx_word' id='word_1_463' title='bbox 149 4183 200 4239; x_wconf 64' lang='lat' dir='ltr'>aa</span> <span class='ocrx_word' id='word_1_464' title='bbox 223 4167 392 4262; x_wconf 62' lang='lat' dir='ltr'>Princeps</span> <span class='ocrx_word' id='word_1_465' title='bbox 415 4167 587 4260; x_wconf 71' lang='lat' dir='ltr'>optimus,</span> <span class='ocrx_word' id='word_1_466' title='bbox 615 4166 696 4237; x_wconf 74' lang='lat' dir='ltr'>Dux</span> <span class='ocrx_word' id='word_1_467' title='bbox 717 4159 909 4236; x_wconf 67' lang='lat' dir='ltr'>Iohannes</span> <span class='ocrx_word' id='word_1_468' title='bbox 928 4159 1065 4234; x_wconf 68' lang='lat' dir='ltr'>Frida.</span> <span class='ocrx_word' id='word_1_469' title='bbox 1115 4153 1281 4224; x_wconf 89' lang='lat' dir='ltr'>lumniati</span> <span class='ocrx_word' id='word_1_470' title='bbox 1302 4153 1395 4236; x_wconf 85' lang='lat' dir='ltr'>sint,</span> <span class='ocrx_word' id='word_1_471' title='bbox 1419 4151 1582 4241; x_wconf 89' lang='lat' dir='ltr'>cognosci</span> <span class='ocrx_word' id='word_1_472' title='bbox 1603 4174 1677 4220; x_wconf 87' lang='lat' dir='ltr'>earn</span> <span class='ocrx_word' id='word_1_473' title='bbox 1695 4174 1713 4217; x_wconf 85' lang='lat' dir='ltr'>a</span> <span class='ocrx_word' id='word_1_474' title='bbox 1730 4162 1803 4219; x_wconf 88' lang='lat' dir='ltr'>toto</span> <span class='ocrx_word' id='word_1_475' title='bbox 1822 4149 1969 4237; x_wconf 84' lang='lat' dir='ltr'>collegio</span> <span class='ocrx_word' id='word_1_476' title='bbox 1987 4159 2110 4217; x_wconf 91' lang='lat' dir='ltr'>nostro</span> 
     </span>
    </p>
   </div>
   <div class='ocr_carea' id='block_1_11' title="bbox 76 4247 2110 4462">
    <p class='ocr_par' dir='ltr' id='par_1_15' title="bbox 76 4247 2110 4462">
     <span class='ocr_line' id='line_1_40' title="bbox 76 4247 2110 4364; baseline -0.007 -30"><span class='ocrx_word' id='word_1_477' title='bbox 76 4266 182 4354; x_wconf 80' lang='lat' dir='ltr'>ricus,</span> <span class='ocrx_word' id='word_1_478' title='bbox 209 4291 314 4364; x_wconf 83' lang='lat' dir='ltr'>quem</span> <span class='ocrx_word' id='word_1_479' title='bbox 329 4287 369 4344; x_wconf 88' lang='lat' dir='ltr'>ut</span> <span class='ocrx_word' id='word_1_480' title='bbox 385 4268 481 4341; x_wconf 89' lang='lat' dir='ltr'>Deus</span> <span class='ocrx_word' id='word_1_481' title='bbox 495 4281 655 4360; x_wconf 85' lang='lat' dir='ltr'>protegat</span> <span class='ocrx_word' id='word_1_482' title='bbox 668 4291 862 4360; x_wconf 86' lang='lat' dir='ltr'>precamur.</span> <span class='ocrx_word' id='word_1_483' title='bbox 1115 4257 1247 4340; x_wconf 91' lang='lat' dir='ltr'>voluit,</span> <span class='ocrx_word' id='word_1_484' title='bbox 1272 4255 1306 4324; x_wconf 80' lang='lat' dir='ltr'>et&#39;</span> <span class='ocrx_word' id='word_1_485' title='bbox 1321 4253 1491 4322; x_wconf 90' lang='lat' dir='ltr'>iudicium</span> <span class='ocrx_word' id='word_1_486' title='bbox 1508 4265 1669 4321; x_wconf 90' lang='lat' dir='ltr'>nostrum</span> <span class='ocrx_word' id='word_1_487' title='bbox 1686 4251 1821 4325; x_wconf 88' lang='lat' dir='ltr'>audire.</span> <span class='ocrx_word' id='word_1_488' title='bbox 1872 4247 1994 4341; x_wconf 88' lang='lat' dir='ltr'>ltaque</span> <span class='ocrx_word' id='word_1_489' title='bbox 2009 4262 2110 4340; x_wconf 88' lang='lat' dir='ltr'>post-</span> 
     </span>
     <span class='ocr_line' id='line_1_41' title="bbox 549 4349 2110 4462; baseline -0.012 -27"><span class='ocrx_word' id='word_1_490' title='bbox 549 4365 737 4462; x_wconf 84' lang='lat' dir='ltr'>Philippus</span> <span class='ocrx_word' id='word_1_491' title='bbox 756 4362 1012 4440; x_wconf 75' lang='lat' dir='ltr'>Melanchtbou</span> <span class='ocrx_word' id='word_1_492' title='bbox 1114 4382 1220 4452; x_wconf 92' lang='lat' dir='ltr'>quam</span> <span class='ocrx_word' id='word_1_493' title='bbox 1246 4379 1326 4424; x_wconf 87' lang='lat' dir='ltr'>eum</span> <span class='ocrx_word' id='word_1_494' title='bbox 1349 4355 1538 4445; x_wconf 86' lang='lat' dir='ltr'>diligenter</span> <span class='ocrx_word' id='word_1_495' title='bbox 1558 4353 1758 4422; x_wconf 80' lang='lat' dir='ltr'>arrdivimus</span> <span class='ocrx_word' id='word_1_496' title='bbox 1776 4354 1819 4420; x_wconf 93' lang='lat' dir='ltr'>de</span> <span class='ocrx_word' id='word_1_497' title='bbox 1837 4349 2004 4420; x_wconf 88' lang='lat' dir='ltr'>omnibus</span> <span class='ocrx_word' id='word_1_498' title='bbox 2021 4349 2110 4418; x_wconf 86' lang='lat' dir='ltr'>arti-</span> 
     </span>
    </p>
   </div>
   <div class='ocr_carea' id='block_1_12' title="bbox 637 4451 2109 4648">
    <p class='ocr_par' dir='ltr' id='par_1_16' title="bbox 637 4451 2109 4648">
     <span class='ocr_line' id='line_1_42' title="bbox 637 4451 2109 4566; baseline -0.016 -23"><span class='ocrx_word' id='word_1_499' title='bbox 637 4495 746 4544; x_wconf 88' lang='lat' dir='ltr'>manu</span> <span class='ocrx_word' id='word_1_500' title='bbox 767 4469 922 4566; x_wconf 81' lang='lat' dir='ltr'>propria.</span> <span class='ocrx_word' id='word_1_501' title='bbox 1114 4459 1203 4530; x_wconf 89' lang='lat' dir='ltr'>culis</span> <span class='ocrx_word' id='word_1_502' title='bbox 1227 4457 1407 4528; x_wconf 86' lang='lat' dir='ltr'>doetrinae</span> <span class='ocrx_word' id='word_1_503' title='bbox 1435 4451 1665 4538; x_wconf 88' lang='lat' dir='ltr'>christianae,</span> <span class='ocrx_word' id='word_1_504' title='bbox 1703 4453 1859 4531; x_wconf 83' lang='lat' dir='ltr'>affirmo,</span> <span class='ocrx_word' id='word_1_505' title='bbox 1903 4475 1984 4520; x_wconf 90' lang='lat' dir='ltr'>eum</span> <span class='ocrx_word' id='word_1_506' title='bbox 2013 4465 2109 4520; x_wconf 90' lang='lat' dir='ltr'>reete</span> 
     </span>
     <span class='ocr_line' id='line_1_43' title="bbox 1114 4547 2107 4648; baseline -0.012 -16"><span class='ocrx_word' id='word_1_507' title='bbox 1114 4559 1243 4632; x_wconf 88' lang='lat' dir='ltr'>sentire</span> <span class='ocrx_word' id='word_1_508' title='bbox 1262 4571 1296 4627; x_wconf 88' lang='lat' dir='ltr'>et</span> <span class='ocrx_word' id='word_1_509' title='bbox 1317 4555 1479 4648; x_wconf 85' lang='lat' dir='ltr'>amplecti</span> <span class='ocrx_word' id='word_1_510' title='bbox 1497 4579 1705 4625; x_wconf 89' lang='lat' dir='ltr'>consensum</span> <span class='ocrx_word' id='word_1_511' title='bbox 1723 4548 1914 4626; x_wconf 87' lang='lat' dir='ltr'>catholicae</span> <span class='ocrx_word' id='word_1_512' title='bbox 1929 4547 2107 4622; x_wconf 83' lang='lat' dir='ltr'>Ecclesiae</span> 
     </span>
    </p>
   </div>
   <div class='ocr_carea' id='block_1_13' title="bbox 1113 4647 2106 4754">
    <p class='ocr_par' dir='ltr' id='par_1_17' title="bbox 1113 4647 2106 4754">
     <span class='ocr_line' id='line_1_44' title="bbox 1113 4647 2106 4754; baseline -0.014 -20"><span class='ocrx_word' id='word_1_513' title='bbox 1113 4661 1198 4746; x_wconf 88' lang='lat' dir='ltr'>Dei,</span> <span class='ocrx_word' id='word_1_514' title='bbox 1222 4683 1325 4754; x_wconf 89' lang='lat' dir='ltr'>quern</span> <span class='ocrx_word' id='word_1_515' title='bbox 1340 4673 1374 4728; x_wconf 89' lang='lat' dir='ltr'>et</span> <span class='ocrx_word' id='word_1_516' title='bbox 1389 4681 1454 4726; x_wconf 90' lang='lat' dir='ltr'>nos</span> <span class='ocrx_word' id='word_1_517' title='bbox 1471 4681 1542 4726; x_wconf 77' lang='lat' dir='ltr'>arno</span> <span class='ocrx_word' id='word_1_518' title='bbox 1557 4657 1682 4747; x_wconf 88' lang='lat' dir='ltr'>spiritu</span> <span class='ocrx_word' id='word_1_519' title='bbox 1701 4669 1735 4726; x_wconf 87' lang='lat' dir='ltr'>et</span> <span class='ocrx_word' id='word_1_520' title='bbox 1752 4679 1823 4726; x_wconf 92' lang='lat' dir='ltr'>nna</span> <span class='ocrx_word' id='word_1_521' title='bbox 1841 4679 1925 4724; x_wconf 88' lang='lat' dir='ltr'>voce</span> <span class='ocrx_word' id='word_1_522' title='bbox 1941 4677 2020 4723; x_wconf 88' lang='lat' dir='ltr'>cum</span> <span class='ocrx_word' id='word_1_523' title='bbox 2036 4647 2106 4721; x_wconf 89' lang='lat' dir='ltr'>Ec-</span> 
     </span>
    </p>
   </div>
   <div class='ocr_carea' id='block_1_14' title="bbox 1187 3118 1770 3194">
    <p class='ocr_par' dir='ltr' id='par_1_18' title="bbox 1187 3118 1770 3194">
     <span class='ocr_line' id='line_1_45' title="bbox 1187 3118 1770 3194; baseline 0.002 -19"><span class='ocrx_word' id='word_1_524' title='bbox 1187 3121 1211 3193; x_wconf 83' lang='lat'>†</span> <span class='ocrx_word' id='word_1_525' title='bbox 1232 3121 1269 3175; x_wconf 80' lang='lat' dir='ltr'>Ex</span> <span class='ocrx_word' id='word_1_526' title='bbox 1283 3139 1379 3194; x_wconf 80' lang='lat' dir='ltr'>apogr.</span> <span class='ocrx_word' id='word_1_527' title='bbox 1392 3119 1421 3175; x_wconf 88' lang='lat' dir='ltr'>in</span> <span class='ocrx_word' id='word_1_528' title='bbox 1434 3120 1497 3177; x_wconf 86' lang='lat' dir='ltr'>cod.</span> <span class='ocrx_word' id='word_1_529' title='bbox 1507 3119 1595 3178; x_wconf 75' lang='lat' dir='ltr'>Pacis.</span> <span class='ocrx_word' id='word_1_530' title='bbox 1612 3119 1650 3176; x_wconf 88' lang='lat' dir='ltr'>D.</span> <span class='ocrx_word' id='word_1_531' title='bbox 1662 3119 1693 3175; x_wconf 84' lang='lat' dir='ltr'>L.</span> <span class='ocrx_word' id='word_1_532' title='bbox 1707 3118 1770 3176; x_wconf 82' lang='lat'>54⁴.</span> 
     </span>
    </p>
   </div>
   <div class='ocr_carea' id='block_1_15' title="bbox 70 4805 1060 4938">
    <p class='ocr_par' dir='ltr' id='par_1_19' title="bbox 70 4805 1060 4938">
     <span class='ocr_line' id='line_1_46' title="bbox 70 4805 1060 4938; baseline -0.01 -52"><span class='ocrx_word' id='word_1_533' title='bbox 70 4805 261 4938; x_wconf 59' lang='lat' dir='ltr'>Q.</span> <span class='ocrx_word' id='word_1_534' title='bbox 923 4811 1060 4888; x_wconf 65' lang='lat' dir='ltr'>aedan.</span> 
     </span>
    </p>
   </div>
   <div class='ocr_carea' id='block_1_16' title="bbox 918 4903 1058 4934">
    <p class='ocr_par' dir='ltr' id='par_1_20' title="bbox 918 4903 1058 4934">
     <span class='ocr_line' id='line_1_47' title="bbox 918 4903 1058 4934; baseline 0 0"><span class='ocrx_word' id='word_1_535' title='bbox 918 4903 1058 4934; x_wconf 56' lang='grc' dir='ltr'><strong>Μ</strong></span> 
     </span>
    </p>
   </div>
   <div class='ocr_carea' id='block_1_17' title="bbox 421 4975 2218 5081">
    <p class='ocr_par' dir='ltr' id='par_1_21' title="bbox 421 4975 2218 5081">
     <span class='ocr_line' id='line_1_48' title="bbox 421 4975 2218 5081; baseline -0.011 -14"><span class='ocrx_word' id='word_1_536' title='bbox 421 4977 491 5064; x_wconf 82' lang='lat' dir='ltr'>M·</span> <span class='ocrx_word' id='word_1_537' title='bbox 518 4975 707 5066; x_wconf 71' lang='lat' dir='ltr'>cliuillo·</span> <span class='ocrx_word' id='word_1_538' title='bbox 1145 5014 1172 5081; x_wconf 87' lang='grc'>1)</span> <span class='ocrx_word' id='word_1_539' title='bbox 1190 5012 1310 5068; x_wconf 66' lang='lat' dir='ltr'>tamtus</span> <span class='ocrx_word' id='word_1_540' title='bbox 1324 5009 1542 5074; x_wconf 77' lang='lat' dir='ltr'>Camertieeaas,</span> <span class='ocrx_word' id='word_1_541' title='bbox 1564 5005 1660 5062; x_wconf 79' lang='lat' dir='ltr'>Pastor</span> <span class='ocrx_word' id='word_1_542' title='bbox 1674 5007 1703 5060; x_wconf 91' lang='lat' dir='ltr'>in</span> <span class='ocrx_word' id='word_1_543' title='bbox 1715 5004 1816 5077; x_wconf 81' lang='lat' dir='ltr'>oppido</span> <span class='ocrx_word' id='word_1_544' title='bbox 1831 5003 1926 5070; x_wconf 80' lang='lat' dir='ltr'>Serta,</span> <span class='ocrx_word' id='word_1_545' title='bbox 1948 4997 2102 5055; x_wconf 80' lang='lat' dir='ltr'>liberalium</span> <span class='ocrx_word' id='word_1_546' title='bbox 2132 4989 2144 5021; x_wconf 81' lang='lat'><strong><em>¹</em></strong></span> <span class='ocrx_word' id='word_1_547' title='bbox 2209 5023 2218 5048; x_wconf 72' lang='grc' dir='ltr'>ι</span> 
     </span>
    </p>
   </div>
   <div class='ocr_carea' id='block_1_18' title="bbox 78 5069 2104 5291">
    <p class='ocr_par' dir='ltr' id='par_1_22' title="bbox 78 5069 2104 5291">
     <span class='ocr_line' id='line_1_49' title="bbox 131 5069 2104 5226; baseline -0.007 -23"><span class='ocrx_word' id='word_1_548' title='bbox 131 5131 357 5207; x_wconf 65' lang='lat' dir='ltr'>aaa...</span> <span class='ocrx_word' id='word_1_549' title='bbox 371 5133 530 5192; x_wconf 65' lang='lat' dir='ltr'>a...</span> <span class='ocrx_word' id='word_1_550' title='bbox 547 5135 625 5193; x_wconf 66' lang='lat' dir='ltr'>a...</span> <span class='ocrx_word' id='word_1_551' title='bbox 640 5135 702 5194; x_wconf 67' lang='lat' dir='ltr'>a.</span> <span class='ocrx_word' id='word_1_552' title='bbox 1177 5093 1277 5206; x_wconf 77' lang='lat' dir='ltr'>aam</span> <span class='ocrx_word' id='word_1_553' title='bbox 1299 5069 2104 5226; x_wconf 58' lang='lat' dir='ltr'>aaut‚tt{tattatatatsaua{itu</span> 
     </span>
     <span class='ocr_line' id='line_1_50' title="bbox 78 5207 2104 5291; baseline -0.013 -3"><span class='ocrx_word' id='word_1_554' title='bbox 78 5223 300 5244; x_wconf 69' lang='grc'><em>“-““““““</em></span> <span class='ocrx_word' id='word_1_555' title='bbox 1174 5217 1281 5286; x_wconf 81' lang='lat' dir='ltr'>rrripsit</span> <span class='ocrx_word' id='word_1_556' title='bbox 1337 5213 1467 5270; x_wconf 73' lang='lat' dir='ltr'>elrnthon</span> <span class='ocrx_word' id='word_1_557' title='bbox 1492 5213 1617 5266; x_wconf 70' lang='lat' dir='ltr'>deleamus</span> <span class='ocrx_word' id='word_1_558' title='bbox 1641 5230 1669 5264; x_wconf 79' lang='lat' dir='ltr'>an</span> <span class='ocrx_word' id='word_1_559' title='bbox 1693 5210 1895 5291; x_wconf 63' lang='lat' dir='ltr'>quaeritandae</span> <span class='ocrx_word' id='word_1_560' title='bbox 1921 5207 2104 5266; x_wconf 74' lang='lat' dir='ltr'>Academicis.</span> 
     </span>
    </p>
   </div>
   <div class='ocr_carea' id='block_1_19' title="bbox 95 5275 2035 5443">
    <p class='ocr_par' dir='ltr' id='par_1_23' title="bbox 95 5275 2035 5443">
     <span class='ocr_line' id='line_1_51' title="bbox 100 5275 2035 5356; baseline -0.009 -9"><span class='ocrx_word' id='word_1_561' title='bbox 100 5281 124 5347; x_wconf 78' lang='lat'>¹)</span> <span class='ocrx_word' id='word_1_562' title='bbox 143 5279 278 5336; x_wconf 76' lang='lat' dir='ltr'>schamel.</span> <span class='ocrx_word' id='word_1_563' title='bbox 294 5284 379 5338; x_wconf 86' lang='lat' dir='ltr'>edidit</span> <span class='ocrx_word' id='word_1_564' title='bbox 395 5283 542 5339; x_wconf 78' lang='lat' dir='ltr'>Ecclesiae.</span> <span class='ocrx_word' id='word_1_565' title='bbox 1174 5287 1269 5342; x_wconf 76' lang='lat' dir='ltr'>iceret</span> <span class='ocrx_word' id='word_1_566' title='bbox 1283 5284 1331 5340; x_wconf 91' lang='lat' dir='ltr'>illo</span> <span class='ocrx_word' id='word_1_567' title='bbox 1346 5293 1468 5356; x_wconf 82' lang='lat' dir='ltr'>tempore</span> <span class='ocrx_word' id='word_1_568' title='bbox 1482 5281 1555 5335; x_wconf 84' lang='lat' dir='ltr'>erul.</span> <span class='ocrx_word' id='word_1_569' title='bbox 1588 5277 1651 5340; x_wconf 82' lang='lat' dir='ltr'>vid.</span> <span class='ocrx_word' id='word_1_570' title='bbox 1663 5289 1794 5352; x_wconf 78' lang='lat' dir='ltr'>serrpturn</span> <span class='ocrx_word' id='word_1_571' title='bbox 1809 5277 1838 5334; x_wconf 86' lang='lat' dir='ltr'>d.</span> <span class='ocrx_word' id='word_1_572' title='bbox 1851 5283 1876 5334; x_wconf 87' lang='lat'>1.</span> <span class='ocrx_word' id='word_1_573' title='bbox 1890 5275 1942 5331; x_wconf 84' lang='lat' dir='ltr'>tot.</span> <span class='ocrx_word' id='word_1_574' title='bbox 1956 5277 2035 5332; x_wconf 77' lang='lat'>1⁵52.</span> 
     </span>
     <span class='ocr_line' id='line_1_52' title="bbox 95 5363 1894 5443; baseline 0 -25"><span class='ocrx_word' id='word_1_575' title='bbox 95 5363 120 5430; x_wconf 68' lang='lat' dir='ltr'>i)</span> <span class='ocrx_word' id='word_1_576' title='bbox 140 5375 168 5418; x_wconf 82' lang='lat' dir='ltr'>et</span> <span class='ocrx_word' id='word_1_577' title='bbox 184 5369 397 5434; x_wconf 78' lang='lat' dir='ltr'>resuscitatum]</span> <span class='ocrx_word' id='word_1_578' title='bbox 414 5385 470 5422; x_wconf 89' lang='lat' dir='ltr'>non</span> <span class='ocrx_word' id='word_1_579' title='bbox 484 5367 568 5422; x_wconf 85' lang='lat' dir='ltr'>edidit</span> <span class='ocrx_word' id='word_1_580' title='bbox 582 5367 694 5443; x_wconf 82' lang='lat' dir='ltr'>Berger.</span> <span class='ocrx_word' id='word_1_581' title='bbox 1140 5369 1169 5440; x_wconf 75' lang='lat'>2)</span> <span class='ocrx_word' id='word_1_582' title='bbox 1191 5365 1250 5423; x_wconf 79' lang='lat' dir='ltr'>nati</span> <span class='ocrx_word' id='word_1_583' title='bbox 1270 5365 1299 5424; x_wconf 86' lang='lat' dir='ltr'>d.</span> <span class='ocrx_word' id='word_1_584' title='bbox 1317 5367 1361 5425; x_wconf 79' lang='lat'>80.</span> <span class='ocrx_word' id='word_1_585' title='bbox 1381 5365 1444 5420; x_wconf 85' lang='lat' dir='ltr'>lun.</span> <span class='ocrx_word' id='word_1_586' title='bbox 1463 5363 1540 5419; x_wconf 77' lang='lat'>1503.</span> <span class='ocrx_word' id='word_1_587' title='bbox 1892 5390 1894 5394; x_wconf 95' lang='lat'>·</span> 
     </span>
    </p>
   </div>
   <div class='ocr_carea' id='block_1_20' title="bbox 1112 5645 1142 5679">
    <p class='ocr_par' dir='ltr' id='par_1_24' title="bbox 1112 5645 1142 5679">
     <span class='ocr_line' id='line_1_53' title="bbox 1112 5645 1142 5679; baseline 0 0"><span class='ocrx_word' id='word_1_588' title='bbox 1112 5645 1142 5679; x_wconf 64' lang='lat' dir='ltr'><em>l</em></span> 
     </span>
    </p>
   </div>
   <div class='ocr_carea' id='block_1_21' title="bbox 2211 1909 2226 1958">
    <p class='ocr_par' dir='ltr' id='par_1_25' title="bbox 2211 1909 2226 1958">
     <span class='ocr_line' id='line_1_54' title="bbox 2211 1909 2226 1958; baseline 0 0"><span class='ocrx_word' id='word_1_589' title='bbox 2211 1909 2226 1958; x_wconf 75' lang='lat' dir='ltr'>l</span> 
     </span>
    </p>
   </div>
   <div class='ocr_carea' id='block_1_22' title="bbox 1112 4753 2223 4860">
    <p class='ocr_par' dir='ltr' id='par_1_26' title="bbox 1112 4753 2223 4860">
     <span class='ocr_line' id='line_1_55' title="bbox 1112 4753 2223 4860; baseline -0.009 -27"><span class='ocrx_word' id='word_1_590' title='bbox 1112 4763 1221 4834; x_wconf 87' lang='lat' dir='ltr'>clesia</span> <span class='ocrx_word' id='word_1_591' title='bbox 1232 4753 1402 4830; x_wconf 89' lang='lat' dir='ltr'>catholica</span> <span class='ocrx_word' id='word_1_592' title='bbox 1416 4755 1483 4828; x_wconf 91' lang='lat' dir='ltr'>Dei</span> <span class='ocrx_word' id='word_1_593' title='bbox 1497 4761 1719 4860; x_wconf 80' lang='lat' dir='ltr'>profitemur,</span> <span class='ocrx_word' id='word_1_594' title='bbox 1744 4771 1777 4828; x_wconf 88' lang='lat' dir='ltr'>et</span> <span class='ocrx_word' id='word_1_595' title='bbox 1793 4781 1812 4827; x_wconf 89' lang='lat' dir='ltr'>a</span> <span class='ocrx_word' id='word_1_596' title='bbox 1825 4755 1923 4826; x_wconf 90' lang='lat' dir='ltr'>lalsis</span> <span class='ocrx_word' id='word_1_597' title='bbox 1936 4769 1969 4825; x_wconf 90' lang='lat' dir='ltr'>et</span> <span class='ocrx_word' id='word_1_598' title='bbox 1983 4775 2118 4846; x_wconf 68' lang='lat' dir='ltr'>sapen.</span> <span class='ocrx_word' id='word_1_599' title='bbox 2214 4753 2223 4783; x_wconf 71' lang='lat'>²</span> 
     </span>
    </p>
   </div>
   <div class='ocr_carea' id='block_1_23' title="bbox 0 0 2346 5802">
    <p class='ocr_par' dir='ltr' id='par_1_27' title="bbox 0 0 2346 5802">
     <span class='ocr_line' id='line_1_56' title="bbox 0 0 2346 5802; baseline 0 5"><span class='ocrx_word' id='word_1_600' title='bbox 0 0 2346 5802; x_wconf 95' lang='lat' dir='ltr'> </span> 
     </span>
    </p>
   </div>
  </div>
 </body>
</html>
