4642 5808
254 217 331 292 243
843 213 1279 294 EPISTULARUM
1331 215 1438 298 ΗΒ.
1473 218 1539 300 xl.
1591 215 1723 294 tots.
2152 234 2156 244 ²
2218 223 2279 300 att

257 395 498 478 vocationem,
526 407 560 468 et
582 397 776 486 gratiarum
791 393 984 477 actionem,
1009 405 1043 463 et
1057 393 1250 463 consessio·
1305 387 1406 464 Haec
1425 413 1543 461 coram
1565 389 1706 478 videre,
1739 405 1790 464 est
1813 391 1952 482 ingredi
1974 393 2011 464 in
2034 409 2150 466 saneta
2164 413 2281 468 sancto·

259 521 354 568 nem.
411 493 458 568 Et
485 499 524 568 fit
550 499 740 590 applicatio
765 495 910 590 propria
933 494 1102 588 cuiusque
1125 495 1193 564 fide
1219 507 1253 564 et
1305 517 1398 578 suna
1450 487 1598 560 Deinde
1614 501 1645 562 et
1663 491 1702 562 irs
1720 515 1794 563 sese
1810 489 1951 564 derivat
1969 497 2066 566 irum
2083 498 2283 596 aeternipu-

261 599 447 669 sumtione.
499 597 596 670 Haec
621 601 741 670 omnia
763 599 836 670 sint
851 619 934 666 sane
947 595 1028 686 iuge
1045 597 1253 666 sacrificium
1307 586 1395 674 tris,
1420 601 1451 662 et
1468 614 1506 664 se
1519 591 1669 664 subiicit
1685 593 1761 665 eius
1779 591 1976 684 veluntati,
2003 607 2041 668 ut
2064 597 2220 668 iustitiae
2234 598 2282 670 dt-

260 700 301 768 in
317 696 489 784 Ecclesia,
520 703 580 770 sed
603 703 670 786 ita,
695 725 740 770 ne
763 697 946 790 proprium
962 699 1171 768 sacrificium
1189 697 1254 766 tilii
1308 689 1605 786 rinaeaattsfiut.
1655 694 1752 767 Haec
1766 699 1937 770 subiectio
1953 701 2231 786 carcassonem,
2252 719 2284 776 ut

261 798 329 878 Dei
343 801 561 877 obscuretur.
611 802 685 873 Nec
699 825 764 874 nos
778 801 959 870 abolemus
972 793 1039 870 hoc
1054 801 1133 890 iugc
1148 801 1254 870 sacci·
1306 799 1345 865 in
1362 795 1503 866 Psalmo
1526 799 1695 890 scriptum
1719 813 1787 870 est:
1820 795 1848 868 Ι
1848 823 1871 868 rt
1891 799 2007 898 cupite
2025 799 2116 872 libri
2129 803 2282 900 scriptum

261 903 399 988 licium,
424 906 485 973 sed
505 905 742 990 illustramus,
762 917 796 973 ct
809 902 1013 974 retinemus.
1049 899 1255 972 Adversarii
1307 905 1358 968 est
1381 893 1520 983 deme,
1555 897 1760 997 alsaciam
1780 898 2003 972 voluntatem
2025 911 2141 978 tuom.
2189 903 2283 996 lpsius

261 1029 346 1074 vero
361 1017 396 1075 et
411 1019 647 1098 corruperunt
661 1019 780 1090 antea,
804 1017 837 1073 et
853 1027 948 1072 nunc
970 1003 1124 1073 abolent.
1174 1001 1255 1072 Pri·
1307 999 1416 1088 igitur
1429 999 1492 1068 filii
1505 1005 1687 1092 proprium
1698 997 1734 1094 ¹¹)
1753 1002 1833 1087 luit,
1850 1027 1923 1074 sese
1938 1007 1977 1076 in
1992 1007 2153 1096 passione
2166 1008 2282 1082 ollerre.

261 1129 379 1192 mum,
406 1107 488 1199 quia
511 1109 707 1178 doctrinam
725 1110 769 1176 dc
785 1107 853 1180 lide
869 1105 1058 1176 deluerunt
1073 1120 1105 1176 et
1124 1105 1253 1183 delent,
1306 1098 1379 1170 Nos
1398 1113 1534 1170 tanturn
1551 1097 1592 1198 ¹²)
1614 1103 1740 1172 tiduria
1758 1099 1865 1176 buius
1879 1107 2050 1178 victimae
2066 1108 2231 1200 perimus,
2251 1125 2283 1180 ut

261 1209 392 1278 multas
406 1209 509 1278 falsas
526 1222 560 1280 et
573 1205 790 1280 pharisaicas
806 1207 991 1297 opiniones
1005 1206 1043 1275 in
1060 1203 1254 1276 Ecclesiam
1305 1216 1450 1294 propter
1464 1227 1540 1272 eam
1557 1204 1789 1296 recipiamur,
1815 1219 1849 1277 et
1863 1208 2103 1284 exaudiamur.

262 1309 491 1392 invexerunt,
522 1324 555 1382 et
577 1307 692 1380 adhuc
707 1311 909 1380 stabiliunt:
936 1309 1131 1378 defendunt
1146 1331 1255 1402 qnae·
1407 1319 1545 1392 Eodem
1562 1326 1670 1394 modo
1687 1325 1853 1396 deverbo
1870 1326 2020 1396 sistendi
2035 1328 2201 1412 dicimus,
2222 1323 2280 1398 Fi.

262 1413 346 1482 dam
375 1413 558 1480 manifesta
588 1413 700 1482 idola:
740 1409 961 1482 Sacrificium
984 1435 1068 1479 vero
1090 1423 1254 1502 quaestus
1308 1418 1383 1492 lius
1404 1421 1477 1496 Du·
1501 1419 1604 1493 solus
1630 1419 1839 1518 iubendum
1862 1423 1902 1495 ι),
1926 1437 2281 1514 sanctasanctorum,

263 1535 404 1598 caussa,
441 1527 476 1582 et
500 1511 655 1584 Coenam
677 1511 827 1582 Domini
854 1513 899 1580 ad
922 1525 1081 1581 mortuos
1105 1512 1255 1582 transle-
1308 1523 1345 1593 id
1368 1537 1437 1609 est,
1468 1525 1567 1594 videt
1588 1549 1756 1596 manum
1774 1525 2018 1622 consiliumss)
2040 1532 2160 1622 patris,
2207 1531 2280 1602 cum

261 1629 358 1686 runt.
414 1613 518 1683 Nunc
541 1616 644 1686 etiam
668 1616 783 1704 palam
804 1613 1002 1684 vastitatem
1028 1613 1067 1680 in
1088 1608 1255 1683 Ecclesiis
1307 1621 1374 1694 hoc
1399 1627 1570 1696 delibem
1596 1641 1696 1718 pate,-
1712 1624 1770 1720 Ι1),
1797 1623 1894 1700 hunc
1920 1633 2020 1702 audit
2046 1637 2279 1722 deprecantem,

261 1716 393 1786 nostris
409 1717 554 1802 iaciunt,
578 1718 757 1808 expellunt
774 1713 946 1799 Pastorcs,
968 1727 1009 1784 ut
1024 1715 1093 1782 iam
1109 1715 1147 1782 in
1161 1715 1255 1784 mul·
1306 1725 1380 1796 Nec
1400 1727 2133 1824 ullacrearumdduciteumadpamm,
2182 1733 2281 1822 Qum

261 1819 307 1888 ils
323 1817 410 1887 locls
426 1841 571 1909 prorsus
586 1819 630 1887 sll
646 1819 827 1888 sllenllttm
845 1817 883 1884 ln
899 1816 1060 1906 templis,
1086 1817 1255 1886 elnulltte
1307 1828 1378 1912 illi,
1406 1830 1468 1922 qui
1491 1831 1747 1916 nuncdicunt,
1780 1853 1816 1900 se
1833 1831 1947 1902 filium
1962 1830 2030 1903 Dei
2044 1835 2164 1904 sistere
2181 1859 2279 1905 coram

261 1920 573 2002 sintceremoniae.
609 1918 711 1988 llanc
727 1917 958 1988 vastationem
973 1941 1028 1986 res
1045 1917 1118 2009 ipsa
1136 1931 1254 1988 osten·
1306 1943 1421 2020 patre,
1448 1931 1534 2024 quid
1554 1932 1665 2002 velint
1684 1935 1821 2018 dicere,
1848 1934 2136 2026 interpretentur.

260 2021 335 2110 dit,
362 2021 514 2090 similem
539 2043 612 2090 esse
635 2022 836 2090 barbaricae
856 2019 1062 2104 vastationi,
1087 2042 1193 2112 quam
1215 2019 1253 2088 in

258 2123 392 2215 templo
410 2119 708 2217 lerosolymorum
725 2122 805 2191 serit
821 2115 1031 2194 Antiochus.

360 2221 554 2316 Reliquum
578 2238 647 2308 est,
680 2237 719 2292 nt
738 2225 895 2294 dicamus
914 2223 957 2292 de
974 2221 1170 2290 oblatione:
1199 2223 1253 2290 vi-

258 2326 386 2396 delicet
400 2327 443 2394 de
460 2323 524 2394 lrac
539 2327 795 2416 propositione:
819 2317 1025 2421 Offeramus
1039 2319 1109 2390 tibi
1116 2317 1253 2413 filium,

256 2428 314 2494 vul
331 2439 370 2496 ut
385 2450 480 2494 nunc
494 2427 701 2520 loquuntur,
720 2423 896 2494 Sistr'mus
911 2417 1126 2516 te'br'filium.
1152 2423 1252 2493 Non-

257 2531 343 2596 dnm
361 2519 580 2608 audivimus,
611 2531 789 2621 quomodo
809 2523 899 2595 banc
917 2522 1064 2616 plrrasin
1078 2526 1250 2616 interpro-

256 2643 389 2725 tentor.
422 2629 491 2699 Scd
511 2630 538 2697 si
555 2643 686 2700 remota
701 2629 947 2720 applicatione,
971 2627 1021 2696 sic
1037 2627 1251 2716 intelligunt,

218 2725 221 2730 ’
257 2731 439 2805 offerimus
469 2731 533 2799 tibi
563 2733 694 2814 lilium,
728 2733 764 2800 id
791 2744 858 2812 est,
892 2753 1032 2798 oramus
1054 2743 1088 2799 te
1110 2741 1250 2797 aeterno

256 2846 374 2924 pater,
401 2847 545 2924 proptor
562 2834 691 2916 silium,
717 2857 789 2902 non
807 2843 1012 2900 accusantur
1026 2843 1167 2900 nostrae
1181 2827 1251 2900 Ec-

255 2935 378 3003 clesiae
393 2929 454 3030 ¹⁰),
485 2935 568 3026 quia
593 2949 627 3005 et
649 2957 714 3004 nos
734 2935 771 3003 in
792 2929 857 3002 hac
875 2947 946 3004 tota
964 2932 1102 3002 actione
1115 2933 1251 3000 media-

254 3051 368 3106 torem
390 3050 425 3106 et
443 3037 642 3126 pontificem
661 3052 820 3106 nostrum
839 3047 987 3104 stantem
1004 3057 1123 3102 coram
1140 3046 1249 3124 patre,

254 3151 288 3207 et
314 3159 378 3227 pro
402 3138 507 3206 nobis
529 3139 773 3228 deprecantem
799 3137 1003 3204 invocamus
1031 3147 1065 3204 et
1093 3135 1251 3204 celebra-

253 3261 351 3322 mus,
374 3253 409 3308 et
424 3238 566 3330 quidem
583 3235 639 3308 lris
653 3239 770 3307 verbis
785 3240 930 3320 utimur,
953 3227 1119 3306 Ormnus
1132 3243 1248 3304 aeter-

255 3363 342 3408 num
362 3348 524 3435 putrem,
552 3349 591 3410 ut
614 3349 761 3436 propter
770 3333 920 3429 filium,
945 3361 1048 3434 quem
1070 3333 1248 3406 mediato-

256 3465 328 3509 rem
346 3439 550 3526 constituit,
574 3465 640 3510 nos
656 3439 817 3538 recipias.
855 3432 1020 3508 Oramus
1037 3433 1147 3528 tefili
1159 3435 1247 3520 Dei,

253 3538 418 3612 Domine
432 3537 519 3612 Iesu
536 3537 706 3630 Christe,
730 3541 797 3641 qui
814 3565 850 3610 es
871 3535 978 3638 λόγος
997 3549 1028 3609 et
1044 3541 1170 3634 inrogo
1186 3565 1247 3610 ae-

254 3643 351 3714 terni
362 3643 497 3742 putris,
520 3654 551 3715 et
566 3653 678 3714 natus
695 3667 741 3715 ea·
756 3639 895 3714 Maria
913 3639 1063 3735 virgine,
1087 3667 1132 3712 esc
1145 3638 1247 3712 sedes

254 3741 311 3816 ad
330 3741 517 3818 dexteram
541 3747 682 3818 aeterni
699 3745 838 3844 patris,
866 3753 897 3813 et
914 3739 1096 3815 mediator
1113 3743 1248 3814 eonsti-

255 3857 355 3920 tutus
379 3871 433 3930 es,
466 3837 631 3920 miserere
654 3847 789 3934 nostri,
816 3857 847 3916 et
868 3841 1041 3916 intercede
1054 3870 1122 3942 pro
1141 3844 1247 3917 nobis

255 3945 361 4046 apud
383 3959 568 4020 ueternum
590 3960 733 4048 putrem
757 3959 879 4031 tuum,
910 3957 942 4018 et
965 3943 1157 4042 sanctifica
1181 3972 1248 4018 nos

255 4049 402 4150 Spiritu
414 4063 542 4123 sancto
556 4062 635 4136 tuo,
662 4061 723 4126 etc.

357 4153 526 4224 Definitio
549 4157 656 4244 igitur
680 4157 879 4247 quaerenda
901 4166 952 4222 est
975 4153 1013 4222 in
1033 4146 1101 4222 hac
1118 4147 1249 4244 plrrasi,

256 4249 463 4354 Offerimus
480 4255 551 4326 sibi
564 4251 702 4346 filium.
747 4253 838 4324 Nam
852 4251 1008 4324 Ecclesia
1027 4277 1249 4348 nequaquam

257 4361 362 4428 offert
385 4384 483 4443 enm,
510 4359 599 4428 sicut
623 4359 696 4450 ipse
714 4379 786 4426 sese
804 4357 952 4441 obtulit,
977 4369 1016 4426 ut
1031 4351 1189 4447 Epistola
1205 4357 1249 4425 ad

256 4459 436 4530 llebraeos
459 4461 634 4554 loquitur,
663 4453 707 4528 F
703 4455 794 4528 ilius
810 4457 968 4554 seipsum
980 4453 1122 4526 attulit
1135 4455 1249 4553 patri,

255 4559 323 4632 scit
347 4561 443 4632 iram
459 4557 634 4646 adversus
647 4571 850 4654 peccatum,
874 4558 942 4629 scit
957 4553 1170 4627 mirandum
1188 4552 1251 4627 de-

151 4671 155 4680 ’
256 4673 387 4736 cretum
416 4659 459 4734 de
485 4657 795 4750 reconciliatione,
828 4672 858 4732 et
882 4683 1036 4733 caussas
1060 4656 1249 4756 intelligit.

255 4837 480 4853 *uu—*0⁸-

290 4938 333 5004 10)
351 4937 407 4988 Pro
427 4929 530 4986 uerbis:
558 4942 616 4978 nors
630 4933 795 4980 oeeuserrtur
809 4931 922 4976 nostroe
939 4922 1095 4988 Ecclesiae,
1114 4921 1249 4990 usquead

324 5006 423 5059 verba:
447 5001 542 5067 Ipsius
561 4998 646 5064 igitur
657 4995 716 5064 fitia*
728 4991 943 5061 propriurrssuit
956 4999 1022 5060 etc„
1049 4989 1077 5043 in
1090 4991 1170 5045 codd.
1184 4989 1250 5046 baec

323 5073 466 5139 leguntur:
485 5063 642 5138 „Sententia
655 5064 747 5116 eadem
761 5061 789 5114 in
802 5062 854 5116 boc
864 5060 922 5132 ipso
933 5061 986 5113 rito
999 5069 1026 5112 et
1040 5059 1067 5112 in
1081 5057 1248 5114 nostrisEe·

326 5140 439 5213 „clesiis
454 5141 599 5193 retinetur.
622 5131 668 5186 sed
683 5131 794 5199 epistola
807 5131 840 5183 ad
857 5129 990 5182 llebraeos
1004 5126 1109 5199 inquit:
1134 5127 1205 5181 filius
1220 5147 1249 5182 se

324 5212 440 5282 „ipsum
455 5206 554 5260 obtulit
574 5201 642 5278 patri
663 5200 815 5268 ingrediens
830 5201 857 5251 iu
871 5205 961 5252 saneta
976 5205 1140 5251 sanctorum.
1175 5197 1248 5251 Nam

322 5275 446 5351 „offerre
459 5276 519 5344 plus
533 5282 571 5330 est
585 5289 670 5344 quant
684 5286 772 5334 orare,
790 5267 913 5322 videlicet
923 5283 952 5319 se
965 5263 1098 5319 subiicere
1110 5263 1248 5320 voluntati

323 5349 434 5472 „patris
454 5355 478 5396 et
493 5345 521 5398 in
538 5363 565 5398 se
580 5343 703 5399 derivare
717 5339 783 5394 iram
795 5348 821 5393 et
835 5352 936 5408 poenas
952 5352 1003 5408 pro
1018 5333 1117 5388 nostris
1131 5332 1248 5408 peccetis

319 5459 338 5494 ss

357 5413 483 5472 aentast'

1408 2047 1567 2120 Graecus
1583 2047 1709 2122 Canon
1732 2054 1969 2122 verecundior
1987 2056 2075 2139 fuit,
2106 2057 2165 2148 qni
2182 2081 2278 2125 corre-

1305 2152 1457 2222 ctionem
1483 2153 1599 2222 addit:
1632 2147 1694 2222 'I'u
1716 2177 1752 2221 es
1772 2153 1991 2248 προςῳὲρων
2015 2151 2081 2228 κάὶ
2098 2153 2279 2251 npocpepri-

1303 2277 1433 2343 μενος,
1460 2254 1560 2344 quasi
1575 2253 1682 2324 dicat:
1711 2253 1810 2324 'l'uae
1827 2255 2022 2326 Maiestatis
2038 2271 2088 2326 est
2109 2260 2234 2348 ingredi
2250 2261 2277 2324 in

1305 2367 1422 2422 sancta
1444 2367 1658 2427 sanctornm.
1710 2353 1769 2426 Tu
1792 2357 1907 2426 cernis
1928 2360 2148 2430 voluntatem
2167 2359 2278 2430 aeterni

1305 2457 1432 2545 patris,
1462 2471 1496 2524 ct
1518 2479 1553 2523 es
1573 2479 1733 2526 summus
1753 2462 1936 2544 sacerdos,
1962 2475 1996 2531 et
2013 2463 2214 2554 deprecator
2227 2486 2277 2552 pro

1304 2557 1408 2626 nobis
1424 2557 1461 2624 in
1478 2556 1540 2624 illo
1556 2580 1685 2626 arcano
1704 2559 1865 2633 consilio.

1404 2671 1588 2744 Praeterea
1612 2675 1674 2768 qui
1702 2677 1846 2757 dicunt,
1879 2677 2099 2749 oblationem
2121 2705 2191 2750 non
2213 2681 2277 2773 qoi-

1303 2776 1382 2844 dem
1415 2777 1544 2845 mereri
1577 2778 1821 2846 remissionem
1856 2794 2100 2868 peccatorum,
2143 2785 2200 2852 scd
2223 2781 2276 2848 alia
2304 2817 2305 2895 p

1302 2877 1413 2947 malta
1433 2879 1545 2958 bona,
1570 2902 1691 2948 rursus
1714 2879 1849 2949 faciunt
1866 2879 2012 2949 Missam
2030 2879 2069 2978 ¹⁸)
2093 2885 2191 2952 valde
2210 2905 2277 2950 ren-

1302 2978 1467 3065 dibilem,
1495 2993 1528 3048 ct
1553 3003 1625 3049 non
1649 2995 1741 3048 recto
1764 2983 1982 3051 transferunt
1997 3007 2073 3051 eam
2090 3009 2109 3053 a
2128 2987 2193 3052 line
2208 3007 2275 3074 pro·
2303 2999 2304 3061 t

1302 3079 1379 3169 prio
1397 3082 1441 3149 ad
1460 3081 1604 3149 alienos.
1659 3080 1698 3150 Si
1715 3081 1795 3174 quis
1813 3083 1964 3168 diceret,
1990 3081 2207 3173 Baptismum
2228 3108 2275 3149 va·
2302 3165 2303 3170 ἵ

1301 3180 1373 3250 lere
1398 3184 1440 3252 ad
1461 3183 1593 3274 lepram
1613 3183 1825 3270 tollendam,
1851 3185 2059 3276 depravaret
2075 3185 2274 3280 Baptismum
2302 3175 2303 3227 l

1335 3407 1379 3474 11)
1397 3413 1481 3473 opus]
1499 3407 1572 3461 addit
1586 3407 1648 3461 eod.
1662 3407 1742 3462 Mon.
1754 3407 1799 3463 90.

1334 3491 1377 3560 12)
1395 3499 1524 3560 tantum]
1544 3503 1642 3546 tnnrers
1661 3495 1721 3550 cod.
1736 3495 1815 3549 Mon.
1829 3497 1872 3550 90.

1335 3575 1380 3641 ts)
1398 3593 1495 3632 oreon.
1510 3580 1623 3641 cuneta]
1641 3577 1871 3634 Codrionem:
1886 3589 1996 3648 peetus.

1334 3661 1378 3730 11)
1396 3659 1466 3718 coa.
1480 3661 1562 3721 Mon.
1576 3662 1620 3721 90.
1640 3671 1667 3716 et
1679 3681 1742 3716 eum
1756 3681 1789 3716 eo
1802 3673 2029 3731 oeternuspoter
2040 3667 2188 3720 dete'derot.
2299 3705 2300 3727 ,

1334 3747 1379 3811 ts)
1398 3745 1468 3800 Prot
1487 3765 1588 3801 rursus
1592 3746 1708 3816 suamne
1721 3749 1837 3802 ms'ssom
1855 3757 1926 3818 etc.‚
1944 3767 2030 3821 usque
2047 3752 2083 3804 ad
2096 3751 2191 3808 rerba:
2213 3747 2276 3804 Haec
2298 3795 2299 3804 ,

1367 3819 1528 3868 deserebant
1540 3832 1624 3868 usum
1637 3825 1707 3882 ete„
1728 3816 1756 3870 in
1770 3817 1850 3872 codd.
1865 3815 1930 3870 baec
1942 3819 2086 3887 leguntur:
2108 3839 2186 3892 „non
2202 3819 2275 3871 minus

1369 3883 1559 3952 „vendibilem
1578 3884 1683 3940 faciunt
1695 3903 1775 3957 quam
1792 3893 1886 3952 antea,
1912 3895 1937 3938 et
1951 3885 2120 3942 transferunt
2135 3888 2166 3940 ael
2181 3881 2274 3957 petendi
2298 3869 2299 3895 ¹

1367 3953 1467 4024 „bona
1486 3951 1657 4023 corporalia,
1683 3963 1713 4006 ut
1732 3953 1767 4006 sit
1786 3951 1866 4006 {nelis
1885 3952 1936 4006 iter
1957 3964 1984 4006 et
2001 3956 2034 4008 sit
2051 3955 2133 4012 foelix
2150 3963 2274 4008 mereatus-

1368 4057 1389 4092 „
1398 4023 1432 4076 At
1452 4023 1480 4075 ln
1501 4021 1548 4074 illo
1561 4023 1616 4076 ritu
1629 4040 1753 4091 expresse
1766 4023 1795 4074 tit
1809 4023 1912 4076 mentio
1926 4023 2096 4078 remissionis
2110 4031 2273 4097 peecatorum,

1368 4109 1447 4162 „nec
1465 4089 1498 4143 ad
1511 4089 1576 4144 alias
1590 4110 1632 4145 res
1647 4087 1834 4144 transferenda
1849 4097 1888 4143 est
1901 4107 1988 4146 coena
2003 4091 2125 4160 domini,
2150 4091 2193 4144 sed
2205 4087 2272 4164 sie-ea·

1368 4159 1524 4229 „utendum
1543 4169 1599 4230 est,
1618 4167 1663 4228 ut,
1684 4177 1748 4212 cum
1766 4157 1932 4224 cogitamus,
1959 4178 2009 4212 nos
2027 4160 2086 4214 steri
2107 4153 2272 4214 membratim
2296 4207 2297 4227 1

1370 4229 1453 4296 „net
1470 4237 1496 4280 et
1516 4226 1589 4281 ablui
1608 4227 1666 4281 eius
1680 4225 1826 4295 sauguine,
1852 4225 1918 4280 fides
1931 4225 1958 4280 in
1972 4227 2051 4282 nobis
2064 4239 2191 4300 augeatur
2203 4235 2224 4278 et
2234 4240 2271 4274 se·

1368 4335 1387 4368 „
1396 4298 1526 4352 cendum
1544 4295 1648 4350 firmius
1669 4305 1804 4374 statuens,
1832 4311 1883 4347 nos
1904 4295 1990 4368 recipi
2010 4307 2036 4350 ct
2056 4295 2184 4351 exaudiri.
2222 4291 2272 4343 Non

1366 4363 2271 4506 atttt‘alt’ttttt't‘ttttsttt’.‘'tlttt'ltttl‘tttttt
2295 4373 2296 4395 ¹

1366 4501 1568 4575 „scriptoribus
1588 4499 1776 4555 ecclesiasticis
1794 4517 1875 4570 quam
1894 4497 1935 4552 bis
1953 4501 2107 4554 recentibus
2125 4493 2271 4552 Luttrerom‘s
2294 4513 2295 4561 p

1364 4569 1526 4645 „seditiosis
1545 4569 1718 4635 bominibus,
1743 4569 1804 4622 Deo
1826 4577 1853 4621 et
1871 4583 1951 4626 verae
1961 4567 2099 4623 Ecclesiae
2114 4567 2233 4622 iudicium
2246 4560 2271 4640 dg

1367 4639 1472 4713 „nobis
1490 4638 1723 4694 commendamus.
1766 4637 1882 4691 Maxime
1897 4646 1989 4690 autern
2010 4649 2177 4708 optaremus,
2199 4629 2270 4686 ardut
2293 4665 2294 4680 t

1367 4709 1609 4782 „suffragationem
1624 4707 1792 4760 eruditorum
1806 4715 1912 4774 patrum
1926 4706 1955 4758 in
1968 4705 2017 4759 bae.
2030 4713 2085 4759 tota
2100 4697 2271 4758 controversis·
2293 4691 2294 4727 t

1368 4777 1445 4850 „sed
1460 4777 1538 4830 multi
1551 4786 1698 4846 excerpunt
1711 4797 1740 4829 cs
1757 4774 1878 4844 patribus
1892 4773 1977 4826 molta
1991 4774 2112 4828 mutilam
2124 4773 2199 4834 dicta,
2217 4781 2271 4837 quas
2292 4779 2293 4800 t

1367 4863 1445 4919 „pro
1459 4865 1506 4900 sus
1521 4845 1651 4916 opinione
1662 4843 1749 4898 iacere
1762 4843 1897 4910 videntur,
1917 4859 1973 4896 non
2009 4853 2122 4895 useront
2135 4847 2270 4912 perpetuam
2292 4839 2293 4895 l

1366 4933 1487 4986 „eorum
1500 4915 1677 4982 sententiam,
1701 4931 1769 4982 quae
1785 4909 1894 4980 quidem
1910 4929 1966 4964 non
1979 4927 1996 4961 o
2016 4929 2095 4964 scura
2107 4920 2155 4964 est.
2189 4905 2268 4958 Totam
2291 4925 2292 4944 t

1367 4983 1462 5058 „bane
1479 4983 1614 5038 actionem
1633 4981 1752 5036 sentiunt
1771 4979 1918 5050 gratiarum
1939 4979 2076 5032 actionem
2097 4997 2167 5043 esse,
2190 4971 2270 5026 ethos

1366 5051 1478 5126 „morlo
1498 5063 1596 5105 vocant
1615 5049 1789 5105 sacrificium.
1824 5047 1952 5118 Synodos
1966 5045 2068 5102 Nicena
2087 5045 2166 5099 etism
2183 5043 2213 5123 de
2229 5039 2269 5091 lut

1366 5121 1499 5198 „actione
1513 5127 1542 5172 ot
1555 5123 1588 5174 de
1601 5129 1770 5174 sacramento
1785 5115 1921 5185 loquitur;
1938 5114 1991 5180 ait,
2005 5115 2083 5168 nobis
2093 5133 2148 5168 esse
2160 5121 2267 5187 testimo·

1365 5190 1465 5265 „aiom
1485 5189 1707 5252 resurrectionis,
1731 5185 1793 5258 quia
1813 5183 1951 5238 efficimur
1969 5183 2091 5237 membra
2107 5179 2267 5254 retraetans

1365 5257 1448 5336 „atto
1460 5257 1522 5314 Det.
1553 5259 1630 5312 idem
1649 5265 1677 5310 et
1695 5256 1821 5308 lsenaeus
1840 5252 1907 5306 elisit
1923 5262 1949 5306 et
1963 5249 2139 5324 Epiphaniam
2162 5248 2265 5322 rietatem

1365 5345 1460 5400 „pane
1472 5337 1511 5381 est
1524 5328 1557 5383 sd
1569 5325 1780 5382 vivificationem
1794 5341 1843 5394 per
1857 5321 1938 5376 Mem
1952 5331 1980 5375 et
1991 5339 2075 5394 spem.
2098 5319 2169 5374 llaec
2179 5317 2267 5370 deser»-

1365 5402 1456 5470 „bunt
1468 5417 1531 5454 euna
1546 5413 1624 5451 usum
1638 5393 1708 5451 ets!
