4670 5808
78 263 148 344 eat
646 249 1081 348 EPISTULARUM

83 438 129 509 ita
145 437 287 506 demum
310 443 403 503 recte
422 429 653 520 gubernavit,
680 453 760 500 cum
783 425 900 518 Pallas
920 453 1065 518 aureum
1087 517 1088 520 Ἴ

84 539 268 606 eiircuum
284 534 418 603 iniecit·
607 613 613 622 ι
827 627 832 630 Π
948 569 952 576 v
981 554 988 563 ·
1087 547 1088 552 ’

182 657 251 727 Sed
269 651 428 726 hocloco
444 677 519 728 nau
535 651 725 743 disputabo
740 649 912 742 prolixius
936 655 979 722 de
995 655 1066 724 uti-

83 761 258 840 litatibus,
281 783 319 826 ac
337 755 456 854 potius
478 755 604 844 gratias
618 777 717 846 agam
734 747 800 820 hoc
819 755 961 846 publico
980 757 1065 826 scri-

82 879 141 954 pto
175 861 340 928 omnibus
375 857 631 948 prudentibus,
669 855 730 947 qui
763 858 1065 926 conservationem

81 964 294 1052 optimarum
319 959 448 1029 artium
464 957 652 1041 nclinvaut‚
676 981 715 1028 ac
731 953 1065 1046 praesertiru'huius

82 1057 343 1156 philosophiae,
376 1083 465 1152 quae
498 1059 725 1154 paucissimos
754 1053 861 1128 habet
887 1073 1063 1150 patronos.

83 1167 161 1254 Quo
182 1165 291 1252 magis
309 1163 526 1234 laudandum
544 1173 595 1232 est
609 1160 795 1230 consilium
812 1173 982 1245 vestrum,
997 1161 1064 1230 viri

82 1279 294 1356 praest-entes
327 1265 512 1336 nobilitate
545 1262 682 1350 generis
712 1274 746 1329 et
779 1259 926 1346 virtute,
969 1263 1061 1358 quod

81 1370 239 1458 caernplo
264 1389 483 1438 summorum
510 1364 666 1447 rismum
691 1376 725 1430 et
741 1361 805 1454 ipsi
822 1357 913 1433 hanc
931 1364 1063 1434 doctri-

82 1494 161 1538 nam
187 1467 422 1556 investigatis,
456 1481 489 1538 et
517 1464 821 1534 conservationem
845 1465 919 1534 eius
946 1465 1064 1534 muni-

80 1571 215 1640 ficentia
233 1583 345 1640 vestra
363 1565 549 1642 adiuvetis.

178 1687 311 1758 Addite
326 1683 393 1756 hoc
411 1687 517 1754 deeras
535 1685 674 1754 inclitae
689 1682 842 1754 familiae
858 1695 1010 1768 vestrae,
1023 1695 1065 1753 ut

77 1791 260 1880 posteritas
276 1787 473 1878 adspiciens
488 1785 604 1854 stellas
619 1799 715 1872 grata
733 1785 1064 1852 commemoratione

76 1915 136 1962 vos
152 1915 296 1983 quoqne
313 1889 482 1975 adiungat
498 1887 558 1970 iis,
583 1887 645 1978 qui
670 1881 762 1954 haue
784 1885 993 1973 sapientiam
1019 1885 1062 1952 it-

76 1995 292 2074 lustrarunt,
319 1986 474 2072 Atlanti,
499 1985 652 2070 Orioni,
678 1987 752 2074 regi
770 1981 963 2073 Autigono,
990 1985 1062 2072 regi

78 2093 239 2166 Allonsu.
289 2091 396 2160 Nulla
423 2089 579 2180 prolecto
603 2100 686 2156 sunt
709 2081 910 2176 pulchriora
933 2111 1064 2156 monu-

76 2211 213 2277 menta,
239 2213 345 2286 quam
361 2187 445 2262 haec
463 2189 501 2258 in
518 2189 616 2260 coelo
631 2187 801 2275 fulgentia
817 2187 971 2270 lumina:
994 2185 1062 2256 nisi

76 2298 154 2388 quis
180 2309 301 2386 putat,
334 2294 427 2362 ullas
451 2290 668 2383 pyramides,
702 2301 763 2358 ant
795 2287 867 2356 ulla
896 2283 1063 2378 trophaea

75 2398 207 2468 maiore
227 2419 307 2466 cum
323 2393 555 2464 admiratione
570 2403 604 2460 et
618 2389 797 2480 voluptate
812 2413 969 2482 unquam
986 2413 1064 2479 spe-

73 2513 161 2570 ctata
173 2521 259 2580 esse,
274 2519 379 2588 quam
389 2493 602 2583 adspicimus
613 2491 758 2580 integris
766 2485 935 2582 hybernis
949 2489 1062 2560 nocti-

74 2601 137 2668 bus
153 2601 307 2670 alterum
322 2595 409 2664 coeli
424 2595 515 2664 latus
535 2607 781 2685 pervagantem
798 2585 949 2664 Oriona.
983 2587 1063 2660 Erit

73 2715 190 2770 autem
206 2696 398 2787 sapientiae
408 2709 542 2772 vestrae
558 2696 676 2763 lovere
692 2691 863 2762 excellens
878 2691 1061 2781 ingenium

74 2793 279 2897 Cypriani,
306 2798 368 2891 qui
389 2795 545 2868 editione
569 2795 768 2864 tabularum
777 2785 813 2888 *)
830 2792 968 2864 illustre
984 2817 1063 2882 spe-

73 2905 189 2972 cimen
206 2901 350 2991 praebet
367 2896 578 2970 eruditionis
592 2910 626 2966 et
641 2894 855 2974 industriae,
888 2908 924 2966 et
940 2896 1062 2964 iuvare

74 2997 180 3074 huius
202 3001 384 3074 doctrinae
408 2998 524 3072 studia
548 2997 742 3086 plurimum
766 2994 907 3086 poterit.
963 2992 1061 3066 Bene

72 3120 103 3174 et
123 3103 277 3176 feliciter
298 3103 426 3176 valete.
474 3097 690 3184 Noribergae
706 3096 746 3166 iu
762 3095 871 3168 natali
888 3095 979 3188 Imp.
992 3093 1060 3166 Ca-

69 3205 134 3274 roli
150 3204 197 3278 V.
213 3201 379 3293 Augusti.
429 3195 537 3270 Anno
558 3196 668 3274 1552.
974 3221 977 3228 ·

682 3443 1054 3464 mm

893 3633 953 3698 24.
970 3631 1056 3691 Febr.

887 3720 1057 3746 m

78 3629 140 3703 No.
159 3627 275 3702 5062.

74 3727 286 3762 Μ

267 3821 451 3912 Testim.
478 3824 663 3910 Semero
693 3823 867 3908 dotum.

134 3993 157 4061 Τ
177 3988 202 4044 Ε
219 3991 280 4046 cod.
300 3987 427 4058 Gotting.
444 3983 494 4040 tot.
514 3981 577 4039 905.
595 3981 702 4050 [leb.]

187 4134 463 4217 'Testimonium
489 4131 721 4208 Leouarti
746 4133 929 4216 Sessrneri.

66 4285 112 4368 S.
139 4295 189 4374 D.
216 4293 546 4366 omnibuslecturis
576 4288 638 4362 has
672 4290 801 4360 literas.
855 4264 1074 4379 Urnaque

68 4397 241 4489 praedixit
266 4421 331 4466 vox
352 4396 474 4466 divina
495 4407 531 4464 et
557 4396 631 4462 soce
653 4391 692 4464 in
716 4385 782 4463 hac
796 4389 909 4463 aldire
926 4378 1052 4461 inuncti

64 4563 261 4583 m

100 4651 129 4718 ἢ
141 4643 163 4714 ’,,
172 4651 190 4704 1
196 4672 223 4706 a.
240 4631 501 4716 Regiomonton
510 4643 650 4697 i‘tadtttae
664 4638 849 4694 dir'eetr’nm'rm
863 4647 890 4694 et
901 4637 1051 4708 pressesn'o-

135 4737 251 4788 „numa
272 4717 327 4778 m.
344 4717 441 4768 tabula
461 4717 593 4776 amunte.
604 4711 769 4769 ameum
784 4719 814 4763 ct
832 4711 1050 4770 coenantum·
1067 4732 1072 4764 a

135 4792 264 4856 „rhodus
281 4776 453 4856 procedendi
470 4785 500 4837 t‘n
517 4781 714 4844 directiauidus
721 4799 732 4842 ‚¹
748 4781 861 4831 catulae
878 4777 1071 4850 posr'tlgsnnmt

136 4894 156 4925 ‚,
163 4874 282 4908 numero
296 4854 352 4914 54.;
374 4854 526 4918 praeterio
539 4852 652 4902 tabulae
666 4848 864 4899 ascensionum
873 4847 1049 4910 obliquorum

133 4933 217 4994 „ete
240 4939 292 4988 per
316 4923 540 4988 Cypriorum
561 4917 770 4972 tutantem
798 4933 818 4968 a
843 4913 1003 4974 tutatae
1021 4931 1070 4985 a,

133 4994 258 5063 „praefi
272 4993 343 5044 Phil.
356 4988 553 5043 Melanthnntit·
589 4985 767 5048 cumgratia
779 4985 881 5064 etprt'u
936 4999 966 5030 m
977 4981 1069 5045 Cae.¹

135 5077 267 5129 „sunm
280 5078 315 5112 as
328 5057 434 5122 Regiae
449 5055 608 5108 Rornanor.
621 5051 790 5106 Maiestatis,
821 5049 857 5101 'ln
870 5047 924 5100 line
960 5047 998 5104 oi.
1013 5048 1049 5134 ll.

416 5119 975 5249 auu

131 5195 507 5334 :fflglpgtesg'fflpffih
521 5255 609 5330 praei.
620 5255 684 5310 huic
695 5225 766 5308 tideo
803 5252 929 5306 enemim
944 5209 1049 5378 Ἰεὲίἑυὲ

128 5333 239 5406 „ctiam
250 5324 721 5400 mama.t.ut.pag.m.tso·n”
752 5327 768 5390 [·
830 5325 905 5390 uita,
922 5321 970 5393 qul

127 5402 215 5476 reses·
231 5391 613 5508 aspectennlwmta.
635 5491 639 5500 ‚

1108 242 1245 344 iata.
1278 253 1360 339 tm.
1412 254 1544 349 1562.

2034 263 2126 376 aa,

1118 441 1255 503 senecta
1280 429 1429 500 maiores
1451 431 1694 512 confusiones,
1715 454 1821 526 quam
1837 433 1981 507 fueruat
1997 447 2109 523 antea,

1118 545 1150 600 et
1173 543 1291 601 tamen
1313 531 1427 602 lilium
1448 531 1515 602 Dei
1538 534 1642 602 etiarn
1667 534 1759 607 inter
1780 529 1843 607 has
1859 535 1981 606 ruinas
1995 524 2107 630 impe}

1116 632 1251 704 riorum
1284 631 1513 702 collecturum
1547 658 1619 708 esse
1645 649 1823 706 aeternnm
1850 633 2044 709 Ecclesiam
2067 653 2107 728 gt

1118 733 1225 812 velle,
1246 747 1286 804 ut
1307 727 1374 802 hac
1393 758 1453 824 spe
1471 735 1669 830 doctrinam
1691 736 1864 806 discamus
1888 753 1921 806 et
1935 731 2106 830 propage]-

1116 857 1206 904 mns.
1255 833 1449 904 Laudanda
1468 851 1519 906 est
1540 836 1647 926 igitur
1668 837 1780 908 virtus
1798 853 1831 907 et
1846 839 2056 911 discentium
2073 857 2106 910 et

1116 929 1345 1006 honestorum
1369 929 1574 1020 homiuum,
1601 939 1663 1030 qui
1681 963 1782 1030 opem
1804 941 1921 1010 lerunt
1941 911 2106 1032 pauperi-

1118 1035 1183 1104 hus
1202 1031 1431 1110 scholasticis.
1490 1037 1585 1108 Huic
1606 1053 1722 1108 autem
1745 1031 1934 1121 Leonnato
1947 1035 2104 1127 Semerq,

1116 1151 1198 1205 nato
1228 1135 1266 1204 in
1290 1137 1421 1228 oppido
1444 1136 1614 1211 Franciae
1639 1129 1861 1224 Uffenheim',
1893 1144 2039 1234 pauperi
2070 1154 2105 1211 et

1117 1240 1274 1307 modesto
1291 1233 1430 1308 homiui
1445 1239 1725 1332 aliquandiuvir
1741 1242 1951 1312 clarissimus
1967 1232 2104 1336 Hiasp-

1117 1362 1249 1432 aymns
1266 1335 1575 1432 Bomgartaerm,
1602 1355 1742 1412 senator
1757 1330 2044 1438 Noribrrgepsis,
2072 1359 2105 1420 et

1118 1442 1176 1510 alii
1200 1441 1343 1532 quidam
1370 1442 1462 1509 cives
1489 1444 1727 1532 praebuerunt
1754 1458 1888 1512 sumtus
1915 1445 1952 1510 in
1985 1439 2104 1527 schola
2198 1467 2202 1488 ⁶

1119 1535 1364 1630 Norihcrgensi
1385 1543 1469 1610 etin
1486 1545 1675 1612 Academia
1686 1541 1967 1633 Witehergensi.
2002 1537 2106 1613 Nune

1115 1644 1253 1734 quaerit
1267 1643 1397 1711 alicubi
1416 1667 1546 1712 munus
1563 1646 1710 1714 docendi
1733 1647 1787 1712 vel
1803 1646 1840 1711 in
1858 1641 1977 1712 schola
1995 1647 2051 1713 vel
2065 1646 2105 1712 in

1115 1744 1260 1833 templo.
1312 1742 1433 1830 Quare'
1454 1769 1533 1814 cum
1555 1745 1593 1812 in
1610 1748 1769 1814 docendo
1785 1747 1914 1814 servire
1927 1743 2104 1814 Ecclesiae

1116 1857 1150 1911 et
1164 1845 1425 1913 adolescentiae
1448 1845 1574 1934 possit,
1609 1847 1817 1914 commendo
1842 1870 1922 1914 eum
1938 1848 2104 1914 omnihus

1117 1940 1272 2013 honestis
1292 1947 1393 2028 viris,
1421 1959 1452 2015 et
1468 1969 1531 2016 oro
1546 1960 1585 2017 ut
1602 1948 1633 2014 ei
1649 1948 1764 2014 locum
1782 1947 1836 2014 vel
1858 1947 1896 2014 in
1912 1941 2029 2015 schola
2046 1948 2102 2014 vel

1115 2047 1152 2112 in
1172 2048 1301 2137 templu
1319 2047 1489 2117 tribuant.
1541 2047 1723 2117 Summam
1739 2048 1927 2118 'doctrinae
1939 2043 2104 2115 christia-

1116 2171 1181 2215 nae
1203 2161 1294 2217 recte
1316 2161 1429 2227 tenet,
1447 2160 1497 2220 ‚et
1521 2149 1744 2236 amplectitur
1758 2138 1947 2236 Evangelii
1969 2141 2047 2238 puri
2067 2136 2105 2216 a·
2168 2222 2174 2240 ⁰

1115 2261 1202 2331 tem,
1229 2271 1339 2340 quam
1366 2261 1400 2318 et
1422 2260 1541 2316 nostra
1567 2243 1723 2317 Ecclesia
1747 2270 1827 2316 ctam
1852 2247 2104 2336 Noribergeusi

1115 2363 1149 2418 et
1165 2344 1425 2439 Anspachensi,
1442 2373 1513 2418 uun
1527 2373 1612 2418 voce
1627 2363 1662 2420 et
1676 2372 1748 2418 uno
1764 2349 1891 2439 spiritu
1906 2350 2102 2438 profitetur.

1114 2447 1163 2518 Et
1184 2463 1276 2517 recte
1299 2451 1441 2518 invocat
1456 2448 1570 2519 Deum
1587 2449 1784 2520 Leouartus
1803 2461 1837 2518 et
1859 2471 1974 2517 mores
1990 2445 2104 2518 lantre-

1114 2565 1165 2620 ste
1187 2551 1287 2639 regit.
1347 2547 1514 2623 Exercuit
1538 2575 1574 2626 se
1601 2551 1825 2621 mediocriter
1851 2550 1890 2618 in
1911 2548 2047 2620 Latina
2067 2565 2103 2620 et

1115 2648 1250 2720 Graeca
1270 2651 1390 2740 lingua
1406 2667 1441 2722 et
1457 2651 1580 2720 didicit
1604 2651 1776 2722 elementa
1801 2651 1923 2720 ehreae
1949 2649 2103 2740 linguae.

1114 2750 1185 2820 Nee
1202 2752 1301 2822 rudis
1318 2765 1370 2821 est
1387 2753 1546 2824 musices.
1586 2749 1677 2822 Cum
1695 2752 1804 2841 igitur
1818 2774 1934 2822 mores
1950 2753 2020 2820 sint
2036 2747 2103 2822 h'o'-

1113 2853 1202 2922 nesti
1227 2868 1258 2924 et
1275 2853 1435 2923 doctrina
1459 2852 1684 2924 mediocriter
1699 2852 1891 2922 instructus
1909 2853 1971 2934 sit,
1998 2842 2102 2944 sperit

1113 2954 1248 3022 utiliter
1268 2949 1446 3022 Ecclesiae
1473 2954 1689 3023 serviturum
1716 2977 1807 3037 esse,
1841 2951 2011 3022 etlilium
2034 2948 2102 3047 Dei

1111 3052 1307 3134 Dominum
1323 3066 1484 3122 nostrum
1499 3049 1614 3122 lesum
1631 3049 1813 3125 Christum
1830 3047 1915 3135 oro,
1940 3067 1981 3122 ut
1996 3053 2102 3128 iaciat

1112 3176 1191 3224 eum
1209 3159 1337 3234 σκεῦος
1354 3152 1474 3234 ἐλέους
1494 3169 1530 3225 et
1545 3175 1716 3244 organum
1739 3155 1891 3223 salutare
1918 3175 2002 3221 suae
2024 3154 2101 3225 aui-

1110 3280 1187 3324 mae
1203 3270 1237 3326 et
1254 3256 1341 3328 aliis.
1394 3253 1491 3324 Bene
1508 3257 1585 3325 vale
1600 3249 1719 3326 lector.
1772 3251 1813 3322 lu
1832 3255 1890 3323 die
1906 3255 2017 3322 natali
2030 3253 2101 3323 lm·

1110 3355 1281 3448 peratoris
1295 3355 1415 3426 Caroli
1432 3354 1560 3445 Quinti
1578 3353 1730 3444 Augusti
1748 3353 1855 3424 Anno
1876 3351 1985 3428 1552.
2056 3403 2061 3411 ι
2080 3417 2086 3431 .

1625 3455 1812 3549 Philippus
1829 3451 2051 3527 Melanthon.
2079 3479 2085 3514 :

1112 3667 1412 3685 Ἣ.

1108 3787 1315 3912 QQS.
1736 3801 1796 3862 26.
1810 3791 1896 3860 Febr.
1910 3791 2072 3876 (Nortia.)

1662 3885 2097 3934 m

1257 4002 1260 4012 '
1371 3993 1521 4080 Ioaalt.
1556 3991 1834 4084 Camerario.

1072 4112 1075 4245 J
1106 4195 1109 4200 ,
1171 4155 1258 4225 epae
1273 4156 1306 4212 aa
1322 4155 1460 4222 camera.
1474 4172 1501 4224 p.
1514 4153 1564 4209 aa
1578 4171 1639 4226 sqq.
1656 4150 1710 4220 tea·
1724 4153 1814 4214 nona.
1825 4155 1874 4215 tas.
1888 4156 1937 4218 tv.
1953 4175 1994 4229 ep.
2011 4159 2097 4224 eoos).

1104 4294 1265 4386 Clarisn
1298 4309 1394 4394 viro,
1437 4306 1639 4381 eruditione
1675 4321 1707 4380 et
1734 4309 1864 4382 virtute
1887 4271 2097 4408 praestandi

1105 4402 1348 4507 ΙραὸΙιίιηο
1375 4400 1648 4482 Camerario
1666 4411 1795 4510 fratri
1807 4437 1875 4482 suo
1889 4411 2094 4507 carissime,
2120 4429 2126 4438 ·

1038 4540 1042 4551 Ι
1097 4545 1153 4632 S.
1180 4560 1225 4635 D.
1284 4557 1379 4649 Ergo
1403 4559 1563 4650 prodigia
1584 4551 1792 4652 Argeliae')
1824 4575 2006 4654 conspecta
2029 4564 2092 4630 dt-

1102 4663 1320 4734 nunciarunt
1335 4676 1370 4730 et
1383 4672 1595 4729 conventum
1613 4673 1646 4730 et
1659 4681 1699 4728 ea
1716 4683 1806 4752 quae
1822 4677 1985 4733 secutura
1999 4677 2093 4746 sunt,

1102 4765 1232 4854 quibus
1247 4763 1285 4829 in
1302 4763 1425 4844 rebus,
1452 4775 1491 4832 ut
1507 4759 1615 4833 iustas
1635 4783 1765 4851 poenas
1785 4761 1895 4833 leniat
1919 4764 2090 4852 gementi-

1020 4907 1027 4927 .
1102 4859 1366 4940 bu's'Ecclesiis‚
1392 4861 1504 4930 lilium
1528 4861 1594 4930 Dei
1618 4885 1772 4932 oramus.
1824 4857 1925 4932 Nihil
1947 4863 2089 4933 enima

1100 4963 1206 5030 nobis
1224 4963 1322 5031 aliud
1337 4963 1391 5050 agi
1408 4963 1476 5030 iam
1494 4975 1619 5052 potest.
1669 4959 1742 5031 lam
1760 4961 1929 5032 Franciea
1952 4963 2088 5032 nobili-

1100 5077 1153 5133 tas
1169 5063 1206 5132 iu
1223 5059 1314 5132 hane
1330 5063 1453 5132 urbem
1471 5063 1565 5132 misit
1582 5063 1811 5132 custodienda
1827 5055 2005 5156 κειμήλια.
2038 5061 2088 5136 Et

1100 5164 1316 5284 convepiunt
1331 5164 1490 5260 equitum
1512 5177 1546 5234 ct
1561 5163 1718 5256 peditum
1733 5163 1864 5255 copiae.
1919 5161 2039 5256 Quare
2053 5179 2088 5238 et

1131 5389 1159 5459 ⁸)
1174 5387 1291 5464 Tor-gas.
