4654 5816
59 259 123 337 sss
566 237 1006 329 rersrooauuu
1056 238 1166 318 oto.
1200 236 1299 315 ric
1352 201 1495 348 rasos
1995 235 2072 312 seo

59 429 162 500 elesias
182 425 306 498 harum
329 427 514 517 regionum
534 447 656 498 omnes
680 437 805 497 servet.
847 421 890 494 ln
904 435 1022 491 nostra
1074 413 1140 487 No.
1154 407 1271 485 4714.
1552 413 1555 420 '
1778 415 1784 424 '
1912 413 2043 486 adlati.

56 527 191 602 Ecclesia
215 543 249 600 et
270 524 461 600 Academia
477 525 547 598 Dei
562 525 732 598 beneficio
757 549 823 595 nec
843 524 1024 594 doctrinae
1078 507 1250 542 Μ
1294 557 1526 644 lomim
1552 555 1622 642 Pr
1647 555 1831 644 Anhalt
1892 503 2064 537 Μ

57 657 109 701 nec
122 633 252 700 rituum
264 631 413 701 mutatio
428 631 518 700 facta
534 641 597 700 est.
628 626 706 698 Vox
722 623 909 717 Evangelii
923 637 1026 695 sonat
1622 619 1632 640 '
1830 623 1841 650 ⁸

56 735 239 824 incorrupta
253 734 442 812 eteadem,
467 753 575 826 quam
595 729 780 815 audivisti,
808 726 947 823 quoties
967 719 1025 794 hic
1815 789 1837 818 Α,

55 835 143 904 nobis
162 832 272 904 fuisti.
331 831 459 906 Studia
491 831 675 902 literarum
696 831 801 901 etiam
832 828 1024 899 mediocria
1217 832 1484 924 Joachimo,
1511 821 1687 936 Pr;„0;p;'
1705 833 1927 914 Mamm,

55 947 140 1020 suot,
172 949 213 1006 ut
243 937 431 1005 ostendent
459 934 614 1004 carmina
638 933 682 1002 de
705 929 838 1023 nuptiis
861 928 1024 1022 Magistri

55 1031 195 1104 Erosmi
206 1027 405 1104 Rcinhold
416 1036 565 1128 scripta,
588 1057 677 1128 quae
699 1033 765 1104 tibi
781 1032 896 1106 mitto.
946 1025 1025 1100 Oro

55 1152 167 1220 autem,
192 1151 234 1208 ut
251 1137 445 1232 aliqnando
462 1139 505 1206 ad
523 1159 589 1206 nos
602 1135 744 1206 scribas.
795 1131 894 1203 Bene
917 1147 951 1202 et
971 1135 1024 1201 fe-

54 1237 150 1308 liciter
163 1239 249 1310 vale.
289 1235 456 1310 Calendis
470 1235 573 1311 Maii.
625 1234 783 1308 Salutem
800 1247 884 1328 opto
898 1225 1025 1325 meo')

53 1333 174 1431 hospiti.
203 1335 312 1417 1550.

1142 699 1291 760 Bromanni
1306 701 1415 756 aucas.
1427 695 1554 754 historiae
1564 697 1679 754 Anbalt.
1689 719 1717 770 p.
1730 699 1789 757 126.

1073 967 1319 1051 Illustrissime
1340 971 1521 1065 Princeps.
1578 971 1792 1046 Celsitudini
1814 971 1959 1048 Vestrae
1985 975 2067 1068 επεὶ

1075 1082 1140 1152 tias
1162 1105 1226 1172 ago
1246 1103 1311 1172 pro
1335 1099 1483 1148 munere
1498 1073 1543 1145 ad
1557 1076 1628 1145 mei
1643 1075 1708 1144 filii
1726 1076 1866 1168 nuptias
1878 1077 2005 1164 misso,
2029 1095 2065 1151 et

1073 1181 1190 1256 Deum
1212 1193 1394 1252 aeternum
1417 1191 1555 1270 patrem
1569 1173 1718 1246 Domini
1738 1179 1851 1248 nostri
1865 1175 1943 1250 lesu
1958 1175 2067 1252 Cbri·

1073 1285 1119 1356 ati
1136 1308 1216 1366 οπο,
1230 1295 1271 1354 ut
1286 1281 1325 1350 in
1342 1275 1399 1348 his
1412 1277 1618 1370 regionibus
1632 1292 1666 1349 et
1674 1275 1868 1349 Ecclesiam
1888 1281 1956 1350 sibi
1973 1305 2066 1352 sem-

1074 1411 1137 1480 per
1151 1385 1293 1473 colligat
1314 1395 1349 1452 et
1368 1393 1500 1462 servet,
1525 1391 1558 1448 et
1571 1373 1635 1449 bas
1655 1381 1798 1472 politiae
1814 1394 1849 1452 et
1861 1377 1905 1452 C.
1919 1379 1963 1456 V.
1979 1407 2066 1476 pro-

1073 1501 1176 1580 tegat.
1215 1483 1270 1554 De
1286 1495 1463 1554 conventu
1480 1481 1601 1551 futuro
1611 1473 1648 1570 *)
1663 1481 1811 1552 certiora
1825 1484 1982 1554 fortassis
1999 1479 2066 1556 ha-

560 1434 749 1532 Pbilippus
762 1429 989 1508 Melantbon.

983 1599 986 1604 '
1075 1583 1223 1660 bebitC.
1239 1584 1284 1659 V.
1309 1607 1416 1678 quam
1439 1605 1521 1672 ego,
1547 1583 1607 1652 sed
1627 1575 1705 1652 heri
1727 1584 1844 1678 accepi
1860 1585 1998 1670 literas,
2023 1587 2064 1660 iu

1073 1691 1203 1786 quibus
1217 1685 1402 1771 scribitur,
1419 1683 1619 1778 aliquorum
1636 1685 1841 1776 opinionem
1857 1709 1947 1769 esse,
1961 1689 2067 1770 tarda

54 1823 106 1894 No,
122 1825 229 1900 4713·
868 1833 900 1894 3,
915 1819 999 1886 Μή,
1072 1793 1148 1864 fore
1163 1789 1264 1862 initia
1283 1781 1389 1860 huius
1405 1797 1621 1871 conventus,
1641 1799 1676 1856 et
1693 1783 1945 1878 Imperatorem
1961 1789 2066 1860 valdo

56 1653 980 1678 *mmmmm-nuum

834 1911 1018 1946 'W
1073 1906 1209 1984 petere,
1234 1901 1274 1960 ut
1293 1887 1455 1958 Pontifex
1480 1911 1585 1980 quam
1610 1887 1764 1978 primum
1788 1889 1921 1960 indicat
1944 1891 2066 1982 οοπιοὶ-4

262 2007 461 2125 Georpio
489 2004 570 2090 Pr,
598 2001 797 2090 Αηήαιι,
1073 1995 1172 2066 lium.
1223 1987 1392 2062 Arbitror
1412 1990 1559 2060 omnino
1577 1983 1829 2080 Imperatorem
1845 2003 1927 2060 ante
1943 1993 2065 2063 omnia

1072 2097 1116 2166 de
1137 2093 1287 2166 concilio
1311 2090 1503 2170 indicendo
1529 2103 1564 2160 ct
1584 2081 1786 2160 inchoando
1801 2105 1963 2165 acturum
1979 2113 2065 2167 esse.

106 2165 244 2238 aponus.
257 2167 295 2224 ¹¹·
308 2185 335 2240 t·
348 2165 409 2223 ²⁵⁶·
427 2163 482 2235 (ed.
498 2163 586 2227 md·
598 2163 645 2220 ¹³¹³·
662 2161 699 2218 ¹¹·
714 2161 850 2234 ‘'lm’'
1072 2191 1227 2268 Oremus
1251 2205 1387 2278 autem,
1409 2205 1450 2262 ut
1473 2191 1548 2286 ipse
1568 2189 1662 2264 filius
1684 2187 1752 2262 Ilei
1773 2193 1876 2262 nobis
1892 2194 2003 2280 adsit,
2029 2207 2067 2266 et

164 2321 217 2400 D,
242 2318 451 2421 Ggorgio
475 2317 647 2419 principi
671 2319 712 2392 2⁰7,
738 2311 887 2392 Anhalp
1071 2311 1186 2368 servet
1197 2289 1391 2365 Ecclesiam
1405 2317 1505 2364 suam
1522 2289 1614 2361 sieut
1637 2291 1743 2363 dixit:
1775 2289 1853 2383 Ego
1879 2295 2065 2366 vobiscum
2193 2339 2205 2353 -

322 2473 330 2490 ,
368 2472 378 2491 ,
703 2469 712 2488 ,
751 2469 760 2486 ,
893 2464 902 2484 ,
1071 2423 1169 2481 sum,
1193 2397 1364 2490 usquead
1383 2393 1725 2464 consummationem
1739 2396 1859 2472 seculi.
1880 2375 1887 2402 ¹
1909 2393 2007 2468 Bene
2029 2409 2065 2474 et

54 2457 90 2543 S.
111 2469 149 2542 D.
196 2469 437 2543 illustrissime
458 2486 492 2542 et
511 2469 819 2544 Reverendrssrme
840 2463 1021 2554 Princeps,
1070 2493 1403 2574 felicitervaleatc·
1421 2494 1464 2570 V·
1515 2495 1552 2568 d·
1569 2491 1721 2569 8.ΜῖΙῆ

53 2569 138 2643 Mitto
154 2569 242 2644 Cels.
257 2573 302 2648 V.
317 2571 587 2652 Calendarium,
614 2571 799 2641 collectum
813 2590 833 2637 a
847 2565 1019 2658 Magistro

53 2665 211 2768 Poulo¹),
235 2675 370 2768 inquo
391 2675 525 2746 multae
549 2685 632 2743 sunt
656 2665 842 2754 historiae,
868 2657 1018 2762 quarum

53 2777 233 2846 memoriam
251 2776 428 2846 illustrari
448 2775 537 2845 utile
555 2789 625 2859 est,
648 2771 785 2842 etiamsi
800 2770 891 2840 aliae
908 2767 1019 2838 levio-
1080 2811 1134 2885 No
1164 2809 1265 2885 47¹5
1917 2825 1938 2888 7
1964 2819 2040 2884 Maii

53 2899 94 2944 res
114 2879 245 2949 additae
263 2889 359 2950 sunt.
410 2875 518 2947 Mitto
539 2869 800 2969 etSymboli²)
824 2869 1019 2941 enarratio·
1073 2867 1285 2949 22«ss
1883 2909 2057 2944 Μ

52 2975 95 3044 nis
111 2994 255 3068 partem,
289 3001 395 3070 quam
416 3001 481 3047 oro
504 2975 596 3050 Cels.
614 2975 659 3048 V.
681 2987 721 3044 ut
743 2975 835 3062 legat
850 2985 1016 3066 tanquam
1299 2974 1496 3063 Ammo
1522 2977 1649 3064 thf
1675 2960 1828 3066 ng·
1986 2965 1990 2970 ’

54 3076 146 3150 index.
193 3077 314 3149 Erunt
336 3077 494 3148 fortassis
513 3075 624 3170 aliqui
642 3075 930 3158 calumniatores,
955 3075 1013 3140 secl
1134 3117 1213 3176 m·
1227 3137 1241 3174 ι
1255 3117 1347 3176 mm
1364 3117 1393 3172 ia
1408 3119 1486 3192 apin.
1501 3135 1529 3192 ρ.
1543 3119 1603 3174 ¹73·
1616 3138 1662 3194 ep.
1675 3119 1720 3177 53·

52 3191 124 3248 certe
141 3180 206 3249 fuit
225 3203 347 3250 meum
367 3180 524 3250 studium
547 3177 671 3262 initio,
696 3190 731 3247 et
750 3171 867 3245 adhuc
890 3187 957 3258 est,
983 3187 1016 3242 et

51 3276 180 3349 eritDeo
204 3280 369 3364 iuvante,
393 3294 435 3350 ut
457 3302 576 3349 rernm
597 3277 870 3348 necessariarum
896 3297 1014 3344 veram
1287 3250 1485 3326 Albm‘l
1509 3252 1616 3328 Dm
1634 3254 1841 3332 B⁰W⁸⁸²P⁶

51 3381 308 3473 etpcrspicuam
339 3379 538 3450 doctrinam
567 3379 791 3470 complectar.
849 3371 1014 3468 optarim
1066 3368 1114 3456 S.
1140 3379 1186 3458 D.
1249 3385 1492 3458 illustrissime
1517 3403 1552 3460 et
1582 3389 1853 3466 clementissime
1878 3391 2062 3492 Princeps.

51 3492 144 3548 eutem
156 3506 210 3552 me
224 3483 407 3552 adiutores
423 3495 457 3551 et
472 3481 606 3551 iudices
622 3480 698 3548 elus
716 3477 849 3548 laboth
872 3473 1014 3560 habete,
1066 3485 1148 3558 Scio
1171 3483 1385 3560 Celsitudini
1409 3501 1544 3560 vestrae
1572 3491 1776 3564 universam
1805 3498 2061 3588 rempublicam

53 3581 206 3652 etminus
237 3582 406 3674 impediri
438 3581 518 3652 aliis
550 3580 853 3672 occupationibus.
910 3575 1014 3650 Certe
1066 3585 1241 3658 notiorem
1259 3611 1350 3672 esse,
1377 3613 1482 3684 quam
1499 3587 1588 3662 mihi
1604 3607 1667 3670 est,
1718 3595 1789 3668 sed
1805 3597 1979 3670 tamenin
1995 3625 2060 3692 pa.

51 3679 209 3753 eollatione
230 3681 428 3776 plurimum
450 3683 489 3751 in
520 3694 618 3752 tanta
641 3680 895 3751 diiudicationc
925 3703 1013 3770 opus
1065 3665 1175 3778 gella,
1208 3715 1316 3784 quam
1337 3691 1460 3761 addidi
1482 3691 1521 3762 in
1544 3685 1867 3798 histirerisscripsi
1884 3703 2059 3794 quaedam

50 3795 127 3896 esset.
181 3783 249 3856 Sed
275 3779 345 3854 hoc
366 3783 608 3855 tristissimum
630 3795 767 3874 tempus
790 3783 936 3874 plenum
962 3795 1013 3850 est
1065 3791 1173 3880 digna
1201 3790 1496 3868 consideratione.
1553 3789 1604 3866 Et
1623 3792 1880 3870 Celsitudinem
1906 3814 2060 3872 vestram

50 3883 251 3966 uidendae,
294 3885 555 3976 suspicionum,
599 3882 878 3968 calumniarum,
913 3905 1013 3952 arro-
1064 3915 1148 3977 oro,
1170 3894 1417 3966 utelememer
1432 3887 1518 3966 haec
1533 3897 1690 3990 accipias
1741 3897 1850 3971 Mitto
1867 3916 1902 3974 ee
1916 3901 2059 3975 libellos

49 3985 171 4068 gantiae.
207 3985 305 4057 Haec
320 3985 522 4056 mala‘Deus
536 3983 639 4058 tollat
654 4009 697 4054 ex
714 3983 893 4054 Ecclesiis·
931 3977 1013 4054 Ob-
1064 3992 1128 4088 qui
1140 3995 1332 4066 ostendunt
1347 4019 1422 4066 non
1438 3997 1553 4067 solum
1569 3997 1687 4069 studia
1703 3993 1830 4072 barum
1848 3999 2058 4077 Academia·

48 4102 142 4170 secto,
161 4099 200 4158 nt
221 4087 312 4158 lecta
336 4081 402 4157 bac
416 4083 709 4179 parteCelsitudo
727 4083 853 4156 Vestra
875 4084 1010 4178 aliquid
1063 4117 1165 4176 rum,
1191 4097 1253 4165 sed
1270 4097 1374 4166 eriam
1387 4093 1565 4168 Ecclesiae
1580 4123 1715 4176 vocem,
1761 4099 1863 4174 Etin
1880 4103 2058 4178 calenda.

48 4181 80 4249 de
92 4206 147 4254 suo
162 4187 293 4258 indicio
307 4185 489 4278 significet.
540 4183 753 4260 Celsitudini
771 4183 916 4258 Vestrae
932 4208 1011 4276 gra-
1062 4189 1162 4282 rio’)
1185 4197 1224 4269 fit
1245 4197 1379 4267 mentio
1404 4197 1561 4270 familiae
1575 4200 1717 4275 inclitae
1735 4201 1989 4280 Marcbiouum
2015 4210 2055 4278 in

47 4281 97 4352 tias
115 4308 172 4375 ago
193 4311 257 4383 pro
282 4289 529 4361 benevolentia
554 4309 642 4376 erga,
662 4309 719 4356 me
749 4297 784 4357 et
804 4309 923 4356 meum
949 4284 1004 4357 Pi·
1062 4295 1177 4370 initio,

48 4382 171 4478 lium³),
197 4403 231 4459 et
253 4388 373 4460 Deum
393 4411 477 4475 oro,
508 4405 549 4462 ut
578 4387 671 4460 Cels.
698 4385 740 4461 V.
771 4385 947 4477 gubernet
976 4401 1010 4457 el
1160 4393 1306 4491 Elquia
1321 4422 1379 4470 res
1397 4401 1553 4476 ostendit
1567 4405 1765 4478 doctrinam
1787 4400 1914 4478 barum
1928 4403 2054 4482 Eccle-

47 4501 152 4570 servet,
174 4503 208 4561 ct
221 4515 280 4560 me
294 4503 332 4561 et
343 4513 440 4560 meos
453 4488 545 4566 Cels.
554 4489 598 4560 V.
612 4503 814 4563 reverenter
828 4512 1009 4558 commen·
1060 4495 1194 4570 siarum
1214 4499 1456 4595 incorruptam
1478 4527 1571 4584 esse,
1598 4519 1633 4576 et
1654 4529 1721 4576 nos
1740 4507 1910 4580 mediocri
1932 4511 2056 4584 labora

49 4585 92 4653 do.
140 4587 231 4662 Bene
261 4604 298 4664 et
328 4591 480 4664 feliciter
511 4591 628 4664 valeat
658 4585 751 4666 Cels.
778 4587 823 4660 V.
879 4590 947 4662 Dic
971 4591 1007 4663 8.
1059 4601 1192 4674 servire
1211 4602 1359 4690 studiis,
1383 4605 1671 4678 commendamus
1690 4621 1724 4679 et
1739 4629 1807 4680 nos
1826 4607 2051 4692 etEcclesias,

48 4678 127 4760 Maii.
813 4712 816 4720 '
920 4691 926 4748 ἶ
1059 4697 1186 4794 barum
1216 4703 1402 4794 regionum
1427 4703 1642 4778 Celsitudini
1671 4723 1807 4782 vestrae
1829 4725 1866 4784 et
1897 4738 2051 4803 oramus,

52 4829 225 4859 ...-
1057 4805 1224 4876 utfoveri
1238 4819 1336 4875 curet
1351 4807 1554 4878 docentium
1576 4813 1803 4884 concordiam
1826 4815 1865 4884 in
1878 4811 2049 4887 Ecclesii⁸

99 4914 176 4962 neem
189 4909 425 4970 samalutdtna.
446 4909 538 4970 netto
552 4929 583 4968 ex
595 4912 674 4970 cattio
686 4909 848 4972 salvariam
862 4923 1004 4986 postquam
1056 4905 1181 4977 'vestris
1198 4920 1232 4977 et
1247 4901 1375 4975 harum
1398 4907 1603 4999 regionum,
1627 4937 1675 4984 ne
1696 4916 1882 4986 calumniis
1904 4921 2048 4986 movea-

99 4976 510 5108 Qffgffldffltwlgktwu
527 4981 698 5040 libonem:
712 4983 878 5054 captivitate.
895 4992 1005 5098 '‘W'‘
1056 5019 1115 5077 tur
1132 5019 1253 5097 contra
1274 5007 1459 5082 manifesta
1480 5013 1682 5086 testimonia
1699 5031 1902 5088 nostrorum
1929 5015 2045 5090 libro-

72 5122 173 5194 ·paoa
878 5167 889 5208 ·.
1054 5132 1134 5178 rum
1152 5121 1186 5210 et
1200 5109 1378 5180 bonorum
1393 5135 1434 5182 ac
1447 5115 1666 5206 prudentum
1680 5117 1743 5212 qui
1759 5141 1825 5188 nos
1841 5113 2019 5193 audiunt

76 5209 96 5277 ¹l
111 5211 176 5267 Pauli
193 5215 269 5278 Ebcri
287 5221 489 5278 calendarium.
885 5209 889 5218 ’
1335 5236 1337 5244 ’

75 5289 218 5395 flSpmboli
235 5307 346 5380 Niceni,
365 5306 424 5366 rid.
444 5325 489 5380 ep.
508 5305 535 5364 d.
554 5307 582 5365 d.
598 5305 642 5365 25.
661 5307 727 5379 dpr.
795 5296 832 5379 Ἰ
910 5315 913 5322 ’
966 5385 970 5393 Ι
1084 5311 1116 5382 *)
1134 5314 1272 5387 Augustae
1284 5315 1494 5378 vindelicorum
1506 5319 1632 5378 babendo
1646 5322 1674 5380 d.
1686 5321 1733 5382 25.
1745 5322 1808 5382 lun.
1826 5323 1905 5382 1650.

76 5371 184 5444 leno
198 5387 378 5449 umcros·
396 5400 508 5448 asma
528 5391 606 5447 οιιο
622 5391 649 5448 a.
666 5389 692 5446 s.
709 5389 779 5447 ma
792 5391 820 5449 a.
836 5411 863 5451 ι.
1083 5399 1114 5468 t)
1132 5397 1228 5457 usca.
