4658 5818
58 246 119 318 stt
595 236 1025 330 EPISTOLARUM
1074 238 1179 314 utu
1212 237 1295 316 ΧΗ.
1349 237 1475 318 1551.
1983 239 2060 316 850

57 412 91 484 dt
102 407 251 509 parvulis
267 409 362 485 istis.
413 409 453 482 td
472 413 604 484 dictum
621 405 1017 486 estdeintantibesEc-
1073 400 1285 546 Q

56 515 158 584 clasiae
177 513 325 586 insertio.
377 503 568 584 Caeterum
585 505 709 584 Coeno
727 507 889 584 Domini
908 509 1018 582 insti-

56 621 190 696 tutaret,
209 623 246 684 ut
260 613 309 684 sit
325 612 535 684 exercitium
552 609 779 696 discentium,
799 614 888 710 quin
904 601 1019 682 Citri-

55 727 118 784 stus
132 711 218 781 iubet
235 713 290 783 ibi
302 715 530 800 annunciare
544 724 692 784 mortem
704 711 876 788 Domini.
902 709 1019 784 Prae-

56 826 132 884 terea
143 809 278 884 Paulas
293 814 389 885 iubet
407 812 566 886 discerni
580 813 886 912 corpasDomini.
920 812 1017 898 Item,

1923 416 2059 538 Q

1344 597 1413 684 M.
1442 597 1778 710 Meieuburgio.
1871 622 1895 658 »

1171 755 1254 828 Epist.
1272 755 1320 812 lib.
1334 755 1371 815 V.
1391 775 1417 830 p.
1433 757 1484 812 617
1498 775 1556 830 sqq.

57 916 148 1000 iubet,
173 923 209 984 nt
230 937 267 986 se
281 915 432 1014 quisque
444 915 583 1034 probet.
634 915 737 988 Haec
754 915 879 986 omnia
896 937 1018 985 conve·
1094 907 1152 982 M
1151 911 1168 982 i
1173 907 1315 987 thail
1320 915 1336 984 i
1359 911 1417 986 M
1423 916 1464 986 ei
1470 914 1583 986 endu
1595 914 1668 1010 rgi
1674 939 1714 1002 o,
1745 907 1905 987 Conanti
1917 910 2035 988 Nart-

56 1018 143 1086 niunt
154 1017 320 1113 propriae
333 1027 466 1100 aetate,
493 1041 586 1118 perere
603 1019 678 1088 iam
694 1015 881 1088 doctrinae
897 1035 1020 1113 capax

1488 1011 1646 1103 busana,

55 1127 103 1186 est.
136 1114 220 1187 ideo
239 1113 336 1187 milri
351 1117 474 1216 magis
486 1116 606 1216 placet
621 1143 700 1190 mus
716 1129 927 1190 nostrarum
944 1114 1019 1186 Eo-
1071 1145 1118 1234 s·
1143 1157 1187 1230 D·
1236 1159 1305 1234 Dei
1327 1165 1495 1235 beneficio
1519 1165 1584 1234 filii
1606 1165 1750 1251 vivunt,
1777 1165 2061 1244 mmmm,
2170 1131 2188 1146 ³

56 1215 234 1292 tiniarum.

1072 1277 1105 1332 et
1130 1263 1281 1337 discunt.
1329 1264 1402 1336 Nec
1427 1262 1645 1358 deprehendi
1668 1261 1838 1337 hactenns
1857 1269 1895 1336 in
1914 1264 1980 1336 boc
1997 1291 2061 1358 op-

137 1361 243 1462 Quod
273 1361 316 1436 de
343 1365 492 1463 privata
519 1359 663 1440 Cannae
695 1363 1020 1438 administratione
1071 1364 1154 1454 pido
1180 1366 1339 1456 contagia
1361 1369 1589 1459 pestilentiae.
1643 1366 1774 1456 Quales
1793 1367 1907 1437 morbi
1922 1367 2062 1457 Lipsiae

55 1469 195 1565 pauoris,
220 1466 392 1538 instituta
406 1477 457 1538 est
476 1461 618 1550 Caena,
646 1477 684 1538 ut
699 1469 750 1540 sit
763 1467 913 1562 publica
930 1490 1020 1537 cere·
1071 1479 1290 1552 grassentur,
1317 1471 1478 1538 nondum
1495 1469 1588 1556 scio,
1615 1471 1673 1538 sed
1693 1471 1817 1556 audio,
1844 1469 1995 1540 multum
2012 1467 2061 1536 ibi

56 1568 159 1638 munia
180 1567 419 1640 convenientis
443 1565 644 1645 Ecclesiae.
709 1567 801 1640 Idea
822 1565 1020 1640 dissiuu'lir
1073 1567 1279 1636 morborum
1298 1591 1382 1640 esse.

56 1681 94 1740 est
106 1669 289 1764 baptismo,
315 1671 382 1767 qui
389 1669 565 1767 privatim
579 1667 742 1766 singulis
757 1667 1023 1742 administrari

54 1781 157 1864 potest.
204 1772 276 1842 Sed
292 1767 385 1842 hane
400 1774 675 1866 disputationem
691 1774 829 1849 omitto.

136 1922 185 1994 De
206 1923 299 1992 libro
323 1918 393 1994 huc
410 1925 516 1994 misso
534 1925 641 2011 scias,
668 1950 739 1996 non
759 1925 1019 2019 supposititium

57 2047 122 2096 esse.
150 2021 195 2094 Et
209 2049 289 2094 curn
303 2025 422 2095 latinis
438 2028 599 2115 congruit
614 2030 650 2095 in
666 2052 801 2096 summa
817 2027 1022 2109 sententiae,

1173 1679 1524 1756 HodieMicleai'lem
1541 1689 1664 1778 capitis
1680 1688 1783 1757 dolor
1797 1683 1965 1758 nonnihil
1982 1710 2065 1755 cru·

1072 1784 1186 1869 cievit,
1212 1785 1370 1856 fortassis
1390 1813 1430 1857 ex
1445 1790 1618 1860 cruditate
1634 1789 1765 1884 aliqua,
1791 1790 1850 1860 sed
1867 1789 1938 1859 iam
1955 1787 2064 1856 remi-

1071 1887 1127 1960 sit.
1179 1884 1274 1958 Deus
1292 1911 1372 1958 eum
1388 1903 1511 1962 servet.

1173 1999 1227 2072 De
1243 2007 1390 2098 pecnnia
1406 2008 1523 2076 danda
1538 2003 1678 2076 Caesari
1696 2006 1767 2076 seio
1785 2007 1955 2079 clamores
1974 2029 2064 2098 qno-

56 2126 168 2194 etinmsi
191 2126 369 2195 interdum
389 2127 467 2196 aliis
484 2129 602 2198 verbis
617 2129 798 2222 loquimur
813 2129 1022 2219 germanice,
1073 2105 1244 2186 ‘undam’
1266 2108 1325 2200 t1¹¹i
1343 2103 1534 2198 Pfflhibent
1553 2109 1640 2194 ‘¹³¹¹'b
1672 2107 1721 2186 3¹¹
1739 2104 1949 2200 «91αωῦ515
1966 2103 2065 2193 ‘nidd

56 2225 118 2294 aliis
132 2227 252 2312 latine,
277 2249 354 2296 rem
370 2229 515 2297 eandem
533 2243 732 2304 tractantes.

139 2373 203 2448 sed
226 2376 331 2446 video
356 2389 389 2446 te
410 2399 535 2466 urgere
558 2377 693 2450 dictum
711 2379 755 2448 de
775 2377 1022 2460 sacramentis,

56 2471 137 2568 paud
150 2469 310 2576 afferant
327 2471 508 2572 Spiritum
522 2487 702 2548 sanetum.
752 2475 808 2548 Id
819 2473 944 2548 dextre
963 2477 1023 2548 in-

56 2573 270 2667 telligendum
289 2586 362 2652 est.·
389 2573 610 2674 Baptismus
626 2577 816 2676 infantum
834 2603 908 2649 erro
923 2579 1022 2650 testi-

56 2676 193 2744 monium
217 2686 269 2748 est
295 2674 338 2748 de
361 2674 557 2750 donatione
574 2675 738 2775 Spiritus
760 2679 891 2750 saneti.
943 2679 1022 2753 Etsi

56 2781 210 2868 quomodo
226 2780 313 2850 fides
329 2779 426 2850 sitin
441 2782 647 2864 infantibus,
666 2783 838 2852 nonsatis
853 2781 1023 2870 intelligi-

56 2901 127 2946 mus.
154 2877 306 2950 Retineo
323 2893 440 2954 autem
459 2882 605 2952 firmiter
620 2878 683 2954 itas
700 2885 904 2956 sententias:
930 2874 1021 2956 Non

55 3074 131 3151 istis.
178 3079 285 3163 item,
306 3078 430 3182 ¹Sinite
439 3080 619 3179 parrulos
634 3081 689 3156 ad
701 3107 756 3154 mo
773 3085 907 3156 venire:
934 3109 1023 3184 quea

56 3174 167 3248 talium
191 3191 243 3250 est
268 3203 420 3276 regnum
442 3183 634 3262 coeloram.
695 3185 804 3271 Item,
810 3187 1024 3358 promissrlo

840 3313 901 3360 aer
914 3297 988 3360 ente
1005 3331 1023 3342 -

55 3273 237 3372 Evangelii
255 3282 411 3378 pertinet
435 3280 492 3354 ad
511 3285 690 3385 infantes.
739 3284 794 3356 Et

56 3373 118 3470 ligo
130 3381 250 3450 omnia
268 3377 312 3454 dc
329 3382 560 3482 insontibus,
586 3387 654 3486 pai
668 3386 880 3460 inseruntur
897 3387 1023 3462 Eccle-

54 3477 128 3594 siae,
150 3475 215 3554 dor
230 3492 294 3568 est,
312 3484 445 3582 quibus
458 3487 672 3584 applicatur
685 3487 891 3584 beneficium
908 3485 1021 3564 Ctn'-

53 3585 92 3646 stt
108 3603 167 3676 prr
187 3582 433 3656 ministerium
446 3585 652 3676 Ecclesiae,
679 3613 757 3660 eum
771 3591 830 3665 ati
839 3616 1023 3692 eopussu-

55 3702 130 3758 mus.
183 3683 372 3758 Caeterum
399 3693 444 3760 de
471 3693 603 3764 adultis
629 3694 680 3764 sic
703 3695 928 3766 sentiendum
954 3710 1021 3768 eet:
1106 3777 1107 3780 Ἴ
1338 3757 1374 3774 ,,
1429 3757 1438 3774 ,
1526 3756 1536 3775 ,
1655 3757 1692 3776 ..
1878 3757 1888 3775 ι
2002 3757 2050 3774 Η

53 3775 119 3850 Non
142 3789 306 3874 prodesse
328 3787 379 3857 ei,
403 3789 627 3863 sacramen„
648 3794 725 3863 sine
744 3796 834 3882 fide,
869 3791 937 3868 hoc
960 3811 1021 3879 m,
1175 3754 1229 3826 De
1244 3758 1507 3848 proditionibus
1525 3781 1562 3826 tn
1581 3757 1714 3829 iamrha
1731 3781 1807 3827 mea
1823 3753 1855 3854 ⁴)
1876 3759 1957 3832 adeo
1973 3751 2067 3826 netad

52 3881 115 3950 sine
136 3886 259 3958 fiducia
281 3891 484 3964 consolante
506 3895 773 3982 conscientiam,
806 3912 841 3968 et
863 3898 1023 3972 intuente
1243 3961 1251 3976 ,

54 3985 285 4069 promissiones
299 3986 446 4068 Christi.
496 3993 566 4064 Hic
586 3996 707 4068 reiieio
729 3996 917 4092 opiniones
937 4025 1022 4091 ope.
1074 3985 1179 4078 (ibam
1203 3972 1331 4034 mum·

55 4081 251 4175 timorati,
273 4105 477 4166 ntvocant.
530 4093 677 4166 Gaudeo
695 4111 728 4168 te
743 4101 787 4168 de
802 4122 938 4170 summa
958 4105 1022 4172 do·
1074 4061 1406 4244 ffiffiffitc‘ribi,
1432 4162 1735 4254 quianonscrpbo
1749 4163 1816 4238 hp&
1864 4163 1937 4234 Nec
1956 4166 2067 4254 pude-

1074 4276 1127 4331 ret
1144 4284 1222 4346 me,
1255 4262 1391 4334 etiamsi
1407 4259 1599 4339 Erfurdiae
1620 4264 1659 4334 in
1674 4263 1833 4355 Templis
1856 4278 1890 4334 et
1906 4265 1943 4336 in
1958 4263 2067 4336 Curia

1073 4364 1282 4452 legerentur.
1349 4361 1442 4438 Tota
1468 4389 1546 4436 mea
1572 4367 1644 4440 vita
1667 4379 1700 4435 et
1723 4368 1813 4439 ratio
1835 4367 2067 4442 consiliorum

55 4185 166 4256 ctrinae
184 4191 371 4260 nobiscum
394 4196 535 4270 sentire.
587 4195 807 4276 Waldenses
828 4202 900 4270 seio
918 4203 1022 4278 dissi-

55 4283 140 4352 miles
166 4313 254 4376 esse,
293 4305 328 4362 et
356 4297 501 4386 quidam
531 4297 638 4366 nimis
666 4323 804 4368 morose
827 4303 1023 4376 detendunt

56 4389 221 4474 quaedam,
261 4394 306 4460 de
336 4397 466 4487 quibus
496 4397 689 4491 aliquando
714 4423 794 4468 cnm
820 4403 1023 4477 siscitatus

1072 2208 1147 2294 auct)
1170 2203 1235 2296 tent
1255 2207 1391 2300 begegea
1408 2205 1541 2298 teuton,
1560 2207 1635 2280 eber
1649 2207 1687 2296 fic
1702 2208 1821 2296 babent
1836 2207 1950 2300 mitten
1968 2203 2065 2298 geben

1072 2307 1186 2396 tenen,
1217 2307 1261 2396 ist)
1283 2309 1359 2396 neit
1384 2311 1458 2401 aad)
1483 2311 1563 2404 nidpt
1582 2307 1707 2396 atterit
1728 2330 1765 2401 gu
1787 2309 1898 2404 tepeat
1927 2311 2012 2386 bean
2035 2308 2065 2375 si

1074 2409 1244 2500 eripuerit
1269 2411 1334 2480 tibi
1360 2412 1537 2497 tunicam,
1567 2415 1718 2482 concede
1744 2425 1777 2482 et
1794 2413 1953 2503 pallium.
2006 2407 2065 2480 Sic

1073 2511 1240 2600 respondi
1255 2512 1392 2606 aliquot
1409 2513 1628 2586 Pastoribus:
1653 2511 1737 2588 Non
1751 2507 1888 2584 hortari
1903 2511 2004 2598 volo,
2026 2523 2066 2580 ut

1073 2611 1262 2682 seditiones
1278 2628 1455 2684 moveant.

1174 2726 1229 2798 De
1249 2727 1397 2822 Synodo
1410 2725 1440 2826 ¹)
1469 2723 1561 2800 mihi
1591 2731 1752 2820 videtur,
1785 2734 1942 2806 civitates
1964 2753 2067 2823 posse

1074 2853 1218 2923 prorsus
1241 2843 1372 2917 tacere,
1399 2834 1511 2904 donec
1524 2831 1691 2926 Synodos
1705 2835 1811 2904 tuerit
1824 2835 1940 2905 finita:
1968 2833 1997 2902 si
2013 2846 2067 2902 ta-

55 2975 276 3052 retentantes
299 2977 440 3076 patris,
474 2992 512 3052 ut
531 2993 655 3082 pereat
681 3007 776 3054 unas
797 2980 839 3054 de
852 2981 1023 3081 parvulis
1074 2932 1513 3106 ffifflggcffiffasmneggti'
1547 2932 2067 3106 ἜἽΟᾚᾞᾞᾞᾙ

993 3085 1000 3104 ·
1074 3134 1328 3220 absurditates,
1359 3059 1596 3206 taidioriuiic
1614 3088 1681 3206 erit
1696 3137 1872 3210 refutatio.
1923 3134 2067 3208 Bellum

1075 3236 1114 3306 in
1130 3233 1230 3306 ltalia
1245 3235 1369 3306 crescit
1383 3231 1422 3332 ²).
1475 3233 1573 3308 Galli
1588 3226 1845 3309 deliberande
1861 3232 2066 3310 Patriarcha

1074 3337 1321 3412 constituendo
1341 3337 1378 3406 iu
1398 3334 1518 3408 Gallia
1540 3351 1576 3408 et
1590 3339 1633 3410 de
1652 3340 1887 3434 relinquendo
1901 3337 2067 3414 Romano

1073 3437 1244 3508 Pontifice
1256 3433 1298 3532 ³).
1351 3435 1433 3507 Tali
1448 3453 1605 3532 ternpore
1620 3443 1799 3534 quomodo
1813 3454 1929 3534 potest
1943 3435 2067 3510 haberi

1074 3537 1264 3633 Synodus'?
1313 3537 1384 3612 Sed
1399 3537 1540 3632 Lipsiae
1563 3539 1602 3610 in
1622 3555 1776 3614 mercatu
1792 3543 1931 3634 copiose
1947 3539 2068 3610 vobio-

1074 3665 1154 3712 cum
1170 3641 1364 3733 colloquar.

1074 3859 1210 3942 acribo,
1236 3858 1460 3950 quisenta,
1485 3859 1588 3948 plura
1605 3859 1690 3949 fingi
1704 3883 1725 3931 a
1740 3859 2068 3943 calumniatoribus,

1382 3955 1430 4030 Et
1450 3961 1561 4034 multa
1583 3983 1626 4030 ex
1647 3959 1720 4030 onis
1744 3962 1955 4030 coniecturis
1969 3985 2068 4032 coro·

1372 4058 1455 4133 Mea
1479 4060 1609 4152 scripta
1631 4062 1676 4132 ad
1699 4085 1764 4132 uos
1791 4063 1895 4143 missa
1912 4086 1986 4132 non
2001 4087 2069 4154 po-

55 4501 129 4552 tura.
181 4489 338 4578 Quidam
366 4499 496 4568 nolum
526 4501 861 4590 3b501vmlapsos,
894 4507 956 4595 qui
978 4509 1022 4575 ad
1074 4475 1159 4580 nota
1181 4478 1233 4534 est
1256 4465 1379 4535 multis
1400 4467 1617 4558 sapientibus
1636 4466 1722 4534 viris
1745 4466 1784 4536 in
1798 4467 1920 4538 multis
1933 4465 2067 4558 Regio-

55 4586 285 4670 poenitentiam
302 4597 463 4668 redeunt.
513 4597 649 4688 Negant
663 4601 866 4690 coniugium
878 4604 952 4679 suis
966 4628 1023 4674 aa·

1074 4567 1200 4652 ntbus,
1231 4577 1267 4636 et
1285 4563 1362 4638 Deo
1381 4591 1441 4636 'me
1465 4567 1687 4644 commendo.
1738 4565 1837 4638 Bene
1861 4583 1896 4640 et
1918 4569 2075 4642 feliciter.

55 4687 243 4763 cerdatibus.
294 4692 392 4766 Haec
415 4713 507 4768 certe
528 4701 788 4786 suntduriora,
815 4727 920 4796 quam
938 4723 1022 4778 con-
1079 4723 1282 4740 ““““““““”“

55 4787 145 4856 venit.
189 4789 285 4864 Bene
302 4797 391 4873 vale.
439 4800 475 4872 2.
492 4798 589 4894 sept·
604 4797 713 4877 ΑΒΜ
733 4799 840 4876 154⁰·
856 4799 894 4900 ⁹)

59 4966 250 4997 Ῥ--ι-υ

82 5073 112 5144 *)
127 5081 156 5134 tn
176 5101 248 5141 anno
268 5093 398 5145 mendum
421 5100 470 5147 eet.
505 5093 574 5150 Nam
595 5094 624 5148 in
643 5095 734 5152 indice
748 5058 1021 5159 i’ezeiiusboeccri·

109 5157 180 5222 ptum
193 5157 286 5213 retulit
298 5158 331 5214 ad
345 5179 411 5218 ann.
426 5155 502 5218 1551.

1110 4798 1136 4860 1)
1156 4795 1281 4850 Concilio
1299 4791 1481 4858 Tridentino,
1504 4791 1681 4847 rcruucando
1699 4793 1759 4849 cat.
1778 4792 1874 4866 Septb.
1888 4789 1965 4846 1⁵⁵1.

1107 4882 1137 4948 ί)
1155 4882 1199 4935 D·
1217 4879 1288 4939 betto
1306 4875 1418 4931 flcnrici
1437 4875 1508 4946 regia
1522 4875 1630 4930 Galliae
1646 4888 1742 4934 contra
1758 4881 1919 4946 Gaesarem,
1944 4877 1973 4930 in
1992 4875 2067 4934 totta

1143 4957 1234 5019 gesto.
1258 4945 1312 5000 rid.
1330 4943 1449 4999 Steidan.
1470 4947 1503 4997 ad
1521 4963 1587 5000 ann.
1602 4949 1678 5002 1551.
1694 4967 1721 5019 p.
1735 4949 1797 5003 709.

1108 5032 1137 5096 5)
1156 5030 1218 5092 Viri.
1227 5047 1295 5102 quas
1306 5028 1416 5084 uberius
1427 5029 1699 5086 narravitSteidanur
1710 5031 1738 5086 in
1748 5035 1905 5088 Commeat.
1913 5051 1939 5106 p.
1947 5032 1995 5088 ttt
2004 5049 2066 5108 sqq·

1106 5118 1134 5186 t)
1153 5116 1311 5182 Nescimus,
1328 5111 1440 5184 adquiri
1455 5113 1615 5170 Meiantbon
1628 5115 1673 5170 bie
1684 5118 1838 5188 respexerit.
1870 5119 1948 5174 Puto
1958 5139 2067 5174 uento·

1140 5203 1204 5238 nem
1218 5201 1275 5238 ease
1289 5185 1348 5242 dea
1369 5182 1491 5255 ograpbo
1506 5183 1686 5250 consessionis
1700 5185 1863 5250 senonicae,
1880 5188 1955 5259 quoti
1968 5189 2068 5244 Ertor·

1141 5254 1201 5308 dine
1220 5253 1332 5325 quidam
1350 5201 1504 5306 babuerunt
1522 5251 1613 5316 invito
1627 5252 1804 5310 Metantbone
1817 5255 1918 5312 tactor
1931 5261 2067 5314 nescimus

1140 5339 1207 5390 quo.
1243 5321 1369 5374 Fortasse
1383 5321 1454 5372 tanta
1466 5317 1517 5373 suit
1530 5319 1693 5390 descriptura
1708 5340 1765 5375 ease
1779 5323 1901 5379 libellum
1915 5343 1931 5380 a
1944 5329 2067 5390 Peraean

1140 5389 1184 5446 vet
1198 5389 1251 5444 atio
1265 5387 1455 5443 Metantbonis
1468 5389 1630 5446 necessario.
1658 5388 1722 5446 vid.
1735 5393 1812 5464 epist·
1826 5393 1976 5468 551118.
1990 5395 2068 5458 1551.
