4616 5812
221 139 296 220 ate
798 127 1240 216 EPISTOLARUM
1295 135 1405 220 utta.
1437 135 1503 220 Xl.
1556 135 1694 218 tate.
2179 145 2243 224 810

219 337 380 389 socerum
408 325 528 396 tuum,
567 308 736 402 collegam
767 321 949 396 nostrum,
982 322 1128 403 propter
1156 309 1214 400 ip·
1269 311 1402 388 ctrinae
1417 309 1634 397 floruerunt,
1658 325 1692 384 et
1710 332 1900 384 consensus
1923 311 2199 390 iuitdocentinm
2213 319 2243 390 in

221 413 335 510 genii,
359 413 568 488 eruditionis
584 427 619 482 et
634 413 775 484 virtutis
795 413 1066 506 praestantiam,
1080 435 1132 502 *ac
1148 415 1213 482 do-
1270 409 1334 484 bac
1351 428 1422 488 tota
1439 439 1500 484 nra
1514 408 1741 486 Germaniae
1766 437 1785 484 a
1808 414 1901 484 saltu
1924 410 2128 512 Turingico
2146 443 2243 516 usquc

220 524 352 600 lemus‚
378 533 412 590 et
436 539 501 586 nos
521 529 555 586 et
569 513 761 585 Ecclesiam
783 539 867 584 voce
889 515 998 605 ipsins
1016 514 1214 585 eruditissi-
1269 517 1311 586 ad
1328 517 1427 588 littus
1438 511 1644 592 Bellicum.
1694 513 1742 588 Et
1764 517 1910 586 inerunt
1931 513 1999 588 bae
2020 517 2244 594 vicinaeAca·

219 635 340 700 meet
359 619 517 690 consiliis
539 620 698 688 orbatam
723 639 806 690 esse.
867 615 1082 710 Quanquam
1106 615 1214 706 igitur
1268 619 1404 689 demine
1425 618 1525 712 quasi
1549 615 1739 710 praecipuai
1757 619 1939 690 doctrinae
1957 623 2066 696 sedes.
2117 620 2192 693 ldeo
2211 625 2243 696 in

220 723 411 796 Academia
432 732 553 790 nostra
569 733 683 790 tecum
703 719 799 810 luget
813 719 888 790 eius
905 733 1071 803 mortem,
1094 732 1213 788 tamen
1268 715 1323 790 bis
1337 721 1425 791 locis
1438 715 1551 805 haesi,
1564 733 1599 792 et
1615 714 1706 788 hanc
1722 720 2008 792 coniunctionem
2026 707 2243 796 Ecclesiamm

220 823 286 898 hac
309 824 550 895 consolatione
575 821 749 890 leniamus
766 819 997 906 moestitiam,
1022 823 1118 914 quod
1140 844 1214 889 non
1268 823 1403 914 magnis
1428 823 1612 892 laboribus
1634 821 1768 894 adiuvi.
1820 819 1932 916 quue
1953 826 2066 895 facere
2088 827 2245 919 deinceps,

220 927 370 999 dcabium
395 937 464 1010 est,
498 948 577 994 eum
603 923 642 992 in
658 921 885 1016 Academiam
901 923 1014 992 multo
1029 917 1213 1015 pulchrio-
1267 923 1342 996 Deo
1358 925 1521 1009 iuvante,
1545 923 1715 1005 studebo,
1741 924 1854 993 donec
1866 927 2082 1001 conceditur.
2132 924 2244 1000 Aell-

219 1053 294 1100 rem
311 1031 351 1099 'et
371 1025 656 1119 tranquilliorem
679 1019 917 1120 abductum⁴)
932 1047 1024 1110 esse,
1050 1025 1212 1094 videlicet
1266 1026 1355 1122 lium
1370 1023 1440 1096 Dei
1455 1050 1539 1114 oro,
1565 1038 1605 1096 ut
1617 1025 1789 1114 gubernet
1806 1025 1927 1096 omnia
1941 1052 2019 1098 mea
2038 1031 2196 1118 consilia,
2216 1047 2245 1106 et

218 1133 264 1202 ad
288 1128 579 1202 consuetudinem
604 1125 672 1196 Dei
694 1139 729 1198 et
751 1127 814 1196 lilii
838 1127 912 1196 eius
925 1123 1073 1196 Domini
1099 1126 1213 1196 nostri
1265 1151 1379 1198 meam
1401 1153 1542 1214 vocem,
1575 1149 1702 1221 meque
1726 1125 1831 1198 iaciat
1854 1133 1984 1212 σκεῦος
2008 1121 2156 1214 its'ovc.
2184 1131 2244 1204 Sed

218 1233 246 1305 l.
270 1229 312 1308 C.
332 1233 373 1300 in
394 1245 532 1302 coetum
557 1225 795 1320 Angelorum,
818 1227 984 1308 Petrum.
1016 1223 1213 1320 Propbeta·
1265 1231 1348 1302 illae
1369 1230 1547 1322 proximae
1566 1229 1742 1320 actiones,
1768 1229 1961 1324 dequibus
1986 1247 2021 1304 et
2035 1226 2169 1304 Pastor
2188 1259 2245 1305 no-

219 1359 302 1406 rurn
323 1330 644 1424 etApostolorum,
669 1355 751 1401 cum
774 1331 903 1424 quibus
924 1330 996 1399 iam
1011 1329 1213 1402 dulcissime
1265 1345 1336 1402 ster
1358 1345 1502 1426 questus
1528 1344 1596 1416 est,
1630 1353 1799 1422 magnum
1828 1327 1919 1402 mihi
1946 1333 2105 1406 dolorem
2132 1339 2245 1408 attule-

219 1441 263 1508 de
281 1461 321 1508 ea
335 1435 516 1520 doctrina,
541 1435 640 1504 cuius
659 1429 719 1504 hic
738 1432 910 1526 elementa
932 1433 1076 1518 didicit,
1101 1433 1213 1503 collo·
1264 1449 1359 1506 runt·
1419 1433 1623 1506 Potuissent
1649 1433 1790 1504 articuli
1817 1433 1951 1506 maiore
1974 1438 2143 1526 gravitate
2161 1463 2245 1510 com·

217 1541 352 1636 quitur.
401 1537 614 1608 Memoriam
636 1530 767 1632 vero⁸)
790 1535 902 1627 ipsius
920 1534 1011 1625 gra'ti
1026 1557 1212 1606 conserve-
1265 1535 1370 1629 poni,
1400 1537 1463 1630 qui
1489 1549 1523 1608 et
1546 1533 1774 1628 Imperatoris
1799 1536 1948 1608 consilio
1968 1539 2079 1630 magis
2106 1539 2243 1632 placuis-

216 1664 314 1728 mus,
346 1653 382 1712 et
413 1638 690 1710 benivolentiam
723 1661 804 1728 erga
836 1659 917 1706 enm
946 1637 1068 1706 liberis
1101 1637 1212 1729 ipsius
1264 1651 1360 1724 sent,
1385 1637 1416 1708 si
1432 1639 1652 1709 scivissemus
1669 1661 1740 1731 quo
1762 1651 1972 1729 spectassent
1986 1664 2109 1712 eornm
2123 1643 2245 1712 delibe-

216 1755 449 1837 praestemus,
476 1743 571 1838 qnod
596 1753 631 1810 te
653 1739 796 1833 quidem
817 1739 1003 1830 praecipue
1020 1739 1133 1810 facere
1149 1741 1212 1810 de·
1263 1741 1429 1814 rationes.
1468 1737 1670 1810 Excanduit
1684 1753 1803 1810 noster
1815 1731 1954 1810 Pastor
1968 1731 2116 1835 propter
2128 1738 2247 1814 Isiebii

217 1861 294 1934 cet,
316 1843 375 1918 cni
399 1867 480 1914 cum
503 1835 659 1940 filiam⁶)
683 1841 816 1912 virtute
838 1853 873 1911 et
895 1841 1007 1910 torma
1030 1855 1212 1934 praestan·
1263 1837 1482 1934 triumphos,
1507 1855 1541 1913 et
1563 1855 1709 1936 propter
1731 1841 1925 1914 multorum
1940 1845 2189 1938 obiurgatrices
2207 1847 2245 1914 li-

215 1963 307 2035 tem,
339 1969 445 2041 quam
471 1945 572 2016 valde
596 1945 782 2034 diligebat,
816 1939 1067 2038 despondit⁷),
1092 1958 1212 2016 osten·
1252 1960 1375 2030 teras,
1400 1957 1434 2014 et
1447 1943 1618 2016 iudicavit
1632 1943 1826 2014 necessario
1843 1948 2094 2037 opponendam
2109 1971 2179 2018 esse
2193 1971 2244 2017 er·

215 2051 287 2132 dit,
305 2069 341 2119 se
355 2050 399 2120 de
415 2061 450 2119 te
464 2071 605 2142 quoque
619 2059 779 2116 amanter
793 2045 936 2119 sentire.
985 2041 1078 2116 Cum
1093 2059 1210 2118 autem

214 2175 312 2224 nunc
327 2151 455 2222 divisio
470 2145 696 2220 haereditatis
709 2149 805 2219 insta
821 2161 1088 2235 testamentum,
1114 2151 1210 2244 quod

215 2277 313 2326 socer
335 2253 506 2324 iudicavit
519 2261 676 2346 acquum
689 2273 781 2334 esse,
805 2250 895 2320 iacta
912 2250 976 2334 sit,
999 2265 1034 2320 et
1048 2265 1109 2320 tua
1124 2275 1212 2324 con-

214 2360 301 2428 iunx
316 2379 414 2426 suam
438 2367 575 2446 partem
593 2379 635 2424 ex
656 2348 873 2422 haereditate
887 2353 931 2422 ad
950 2367 984 2423 te
998 2353 1152 2440 adierat,
1176 2367 1210 2424 te

214 2457 369 2531 vicissim
410 2451 617 2541 hortamur,
654 2468 713 2540 nt,
752 2455 848 2548 quod
885 2453 1116 2524 iustissimum
1149 2469 1210 2542 est,

214 2559 372 2632 vicissim
388 2558 421 2628 ei
436 2559 666 2629 donatiouem
685 2570 830 2650 propter
843 2557 985 2647 nuptias
1007 2557 1210 2638 constituas,

215 2677 250 2734 et
263 2655 345 2753 ἤι’)
364 2655 432 2731 bac
455 2683 494 2730 re
511 2657 754 2730 honestissima
777 2681 857 2728 curn
880 2658 1051 2729 iustitiam
1069 2660 1212 2750 coniugi

213 2765 387 2848 debitam,
412 2775 490 2834 tum
509 2787 594 2832 vero
617 2761 783 2854 pietatem
807 2781 890 2850 erga
910 2763 1212 2832 socernmdecla-

214 2891 292 2954 res,
317 2889 430 2962 quern¹
445 2877 479 2934 te
502 2864 664 2959 quidem,
685 2875 721 2934 et
737 2875 883 2955 propter
896 2865 1124 2951 affinitatem,
1148 2889 1213 2958 pa-

213 2970 279 3042 tris
294 2967 373 3040 loco
389 2967 552 3036 venerari
569 2982 605 3039 et
620 2963 998 3036 amamexiscimamne
1037 2963 1111 3037 Nos
1126 2991 1210 3037 vero

214 3071 388 3142 excellens
400 3068 584 3160 ingenium
600 3069 693 3154 eins,
715 3066 971 3148 eruditionem,
986 3067 1110 3138 indicii
1127 3071 1212 3139 dex-

214 3175 410 3256 teritatem,
438 3170 644 3262 gravitatem
672 3181 706 3240 et
730 3167 897 3261 pietatem
931 3169 1023 3240 tanti
1053 3171 1213 3257 facimus,

213 3275 275 3344 vix
297 3287 338 3345 ut
360 3271 575 3344 desiderium
599 3271 675 3342 eins
699 3270 812 3341 lenire
834 3271 874 3340 in
896 3271 1001 3342 nobis
1027 3272 1214 3362 possimus.

159 3449 163 3462 ,
215 3375 313 3448 Bene
334 3373 426 3454 vale.
476 3369 546 3446 Die
563 3365 806 3448 conversionis
826 3369 949 3460 Pauli,
976 3371 1087 3450 1549.

1063 3747 1122 3814 26.
1137 3744 1201 3812 len.

214 3739 414 3870 Q
1035 3835 1206 3866 w„

414 4005 416 4012 .
449 3925 648 4044 Georpio
677 3919 761 4009 Pr.
787 3919 982 4012 Aetate.

277 4084 1216 4237 laetata-,tantteatttteatatn‚taeta

320 4225 397 4283 Geor
416 4227 473 4282 'um
484 4221 653 4295 Episcopum
665 4223 789 4292 ueras„
806 4243 888 4295 quem
906 4225 1073 4280 hauddubie
1092 4245 1149 4281 non
1168 4245 1217 4281 so.

318 4297 378 4354 lum
387 4245 605 4352 qustrissimum
614 4293 661 4347 sed
673 4291 756 4348 simul
768 4293 849 4349 etiarn
856 4293 1124 4351 Reverendissimnm
1135 4297 1214 4370 prin-

320 4363 411 4440 cipem
423 4363 581 4438 alloquutus
592 4373 671 4419 esset.
1066 4387 1069 4403 .

350 4509 406 4591 D.
432 4509 637 4610 Georgio
662 4507 836 4613 Principi
860 4512 900 4584 in
928 4507 1074 4586 Ankale

219 4633 269 4724 S.
291 4641 337 4720 D.
390 4643 631 4718 illustrissime
644 4643 828 4736 Princeps.
859 4641 1090 4718 Mediocriter
1105 4647 1144 4718 in
1158 4643 1218 4720 bis

218 4749 442 4844 regionibus,
466 4745 536 4822 Dei
548 4745 740 4833 beneficio,
763 4741 941 4820 Ecclesiae
965 4762 999 4820 et
1016 4751 1133 4824 studia
1148 4754 1216 4824 do·

225 4905 443 4924 Μ

250 4975 279 5052 ii
299 4983 368 5041 cod.
382 4979 466 5037 Gotla.
478 4986 505 5035 et
520 4977 590 5034 zeta
604 4980 771 5035 muscum.

252 5067 282 5140 ⁶)
297 5070 378 5138 uero]
391 5067 479 5124 Msnl.
491 5067 586 5134 igitur.

251 5152 280 5224 6)
293 5153 404 5223 filiam]
419 5149 505 5208 Mani.
511 5152 669 5220 famulam.
787 5183 794 5186 -

249 5239 281 5312 7)
299 5237 389 5294 Mani.
403 5235 594 5302 desponderit·

249 5324 277 5395 8)
294 5327 323 5381 r'n
336 5339 394 5378 non
408 5319 507 5374 babent
521 5319 604 5378 codd.

1263 2048 1497 2134 cusationem,
1522 2069 1584 2117 seu
1600 2045 1719 2140 potius
1733 2046 2007 2129 confessionem.
2025 2052 2122 2144 qnod
2139 2051 2185 2121 ita
2201 2049 2246 2120 ic-

1263 2151 1327 2229 cit,
1353 2149 1460 2221 simul
1485 2162 1525 2222 ut
1547 2149 1717 2219 clamores
1737 2148 1932 2222 multorum
1956 2145 2016 2222 hic
2042 2149 2247 2246 represserit,

1262 2253 1326 2346 qui
1343 2253 1447 2322 nobis
1459 2251 1598 2322 rabiose
1611 2251 1880 2326 maledicebant.
1931 2251 2039 2342 Quod
2058 2269 2172 2326 autem
2196 2253 2247 2322 in·

1263 2368 1417 2443 terrogat
1429 2351 1470 2426 C.
1480 2351 1522 2428 V.
1538 2353 1624 2447 quid
1642 2355 1928 2444 respondendum
1943 2355 2007 2441 sit,
2026 2355 2054 2426 si
2072 2357 2247 2428 nobiscum

1261 2456 1559 2548 expostulabitur,
1589 2455 1705 2524 facilis
1731 2469 1782 2525 est
1808 2457 1990 2548 responsio
2028 2456 2070 2533 V.
2096 2457 2137 2530 C.
2168 2479 2248 2552 qnae

1262 2559 1387 2650 procul
1403 2581 1422 2628 a
1438 2557 1568 2628 nostris
1582 2557 1804 2628 sermonibus
1819 2558 1926 2633 abest.
1978 2557 2061 2630 Mea
2076 2559 2248 2652 responsio

1262 2661 1459 2746 difficilior3
1484 2648 1542 2728 me
1557 2657 1653 2728 enim
1679 2659 1795 2731 dicent
1818 2653 1887 2730 boc
1908 2661 2040 2732 vulnus
2061 2675 2176 2753 tegere
2195 2661 2248 2729 de-

1261 2762 1391 2836 buisse.
1448 2757 1525 2853 Ego
1556 2759 1642 2832 vero
1676 2755 1770 2831 nihil
1801 2762 1989 2855 disputabo
2023 2779 2165 2850 contra,
2196 2763 2249 2831 sed

1263 2889 1345 2934 curn
1368 2864 1473 2934 irasci
1496 2887 1533 2933 se
1556 2857 1647 2932 mihi
1669 2866 1874 2950 ostendent,
1903 2864 1973 2934 nisi
1998 2879 2120 2958 captus
2149 2867 2249 2944 luero,

1264 2967 1453 3038 discedam.
1511 2961 1561 3036 Et
1586 2989 1789 3060 quanquam
1813 2965 1947 3036 invitus
1967 2961 2031 3037 has
2051 2963 2251 3040 Academias

1263 3085 1298 3142 et
1312 3062 1380 3138 hoc
1402 3066 1646 3138 dulcissimum
1670 3065 1874 3137 sodalitium
1896 3067 2117 3164 relinquams
2143 3083 2251 3141 tamen

1263 3164 1370 3240 huius
1388 3169 1566 3240 commodi
1582 3167 1792 3258 cogitatione
1808 3169 1968 3238 dolorem
1992 3171 2143 3256 leniam,
2166 3169 2251 3263 qnod

1265 3269 1350 3342 baec
1370 3296 1426 3341 me
1449 3272 1532 3358 luga
1554 3271 1599 3340 ab
1627 3269 1806 3340 insidiosis
1829 3269 2150 3343 deliberationibus
2176 3273 2252 3340 isto-

1264 3399 1346 3445 rum
1368 3373 1545 3444 liberabit.
1606 3371 1789 3462 Quantum
1811 3371 1881 3442 erit
1901 3375 2067 3464 periculi,
2094 3397 2175 3444 curn
2195 3371 2253 3442 ali-

1265 3487 1399 3571 quanto
1422 3485 1501 3565 post
1515 3475 1560 3543 de
1575 3496 1727 3558 canone,
1749 3475 1793 3543 de
1807 3467 2066 3566 Episcoporum
2086 3476 2252 3566 guberna-

1265 3579 1363 3652 tione
1377 3577 1653 3670 colloqnendum
1666 3575 1748 3662 erit3
1766 3575 1891 3670 quanti
1901 3599 2083 3648 armorum
2099 3591 2255 3652 terrores.

1265 3703 1373 3776 quam
1396 3678 1515 3748 variae
1536 3671 1793 3770 sophismatum
1816 3679 2024 3770 praestigiae
2057 3697 2254 3770 proponen-

1264 3797 1335 3856 tur.
1384 3771 1498 3850 Plato
1525 3779 1609 3850 citat
1626 3771 1848 3874 Aeschylum
1870 3779 2063 3851 dicentem:
2091 3775 2192 3850 Altis
2209 3775 2254 3848 ei·

1267 3880 1444 3954 vitatibus
1469 3875 1570 3950 ulios
1589 3873 1757 3950 homines
1776 3903 1981 3976 congruere.
2034 3881 2207 3952 Fortassis
2226 3892 2256 3948 et

1265 4009 1363 4056 meae
1389 3983 1576 4077 opiniones
1604 4005 1680 4052 non
1707 3996 1910 4073 congruunt
1931 3983 1975 4057 ad
1998 4007 2075 4052 eam
2095 3980 2256 4074 Reipubl.

1265 4090 1431 4172 formam,
1456 4107 1563 4180 qnam
1578 4085 1790 4156 constituere
1804 4109 1901 4154 nuuc
1915 4097 2102 4160 conantur.
2156 4081 2254 4172 Quod

1266 4215 1350 4260 vero
1368 4186 1409 4264 C.
1424 4185 1468 4260 V.
1484 4199 1628 4270 censet,
1646 4185 1935 4278 praecipiendum
1959 4209 2032 4256 esse
2046 4181 2256 4258 scholasticis

1266 4317 1312 4362 ne
1335 4289 1555 4361 narrationes
1576 4289 1791 4380 periculosas
1826 4301 1992 4380 spargant
2021 4288 2061 4356 in
2081 4285 2259 4382 Epistolis,

1268 4419 1309 4465 eo
1345 4393 1460 4464 edicto
1492 4390 1647 4460 curiosas
1679 4403 1824 4460 naturas
1863 4389 2095 4461 irritaremus.
2160 4385 2255 4458 Nunc

1268 4497 1380 4566 multa
1401 4493 1619 4586 prudentum
1637 4489 1921 4564 dissimulatione
1952 4491 2071 4562 sanari
2104 4497 2257 4584 possunt.

1268 4595 1563 4670 protestationem
1580 4591 1650 4682 legi
1663 4605 1697 4664 et
1712 4593 1849 4684 probo,
1875 4595 1934 4664 sed
1952 4593 2126 4686 quaedam
2143 4587 2257 4682 scripsi

1268 4701 1390 4779 aliter,
1416 4699 1460 4768 de
1478 4697 1608 4789 quibus
1626 4707 1746 4766 tamen
1769 4695 1944 4766 iudicium
1961 4692 2002 4770 C.
2021 4693 2066 4768 V.
2086 4692 2258 4786 permitto.

1268 4799 1409 4872 Nollem
1421 4793 1643 4868 inDaniam
1657 4794 1751 4868 mitti
1764 4792 1808 4868 τὸ
1823 4788 2054 4896 σύγγραμμα
2063 4791 2150 4893 περὶ
2159 4789 2258 4866 ἀδια-

1269 4895 1411 5000 φόρων.
1463 4895 1562 4970 Bene
1578 4899 1693 4972 valeat
1705 4893 1797 4973 Cels.
1813 4895 1858 4973 V.
1909 4894 2020 4970 Darae
2036 4897 2095 4970 die
2116 4917 2257 4970 conver-

1270 5004 1380 5078 sionis
1395 4995 1515 5073 Paua·
1532 4999 1591 5078 17.
