4722 5814
223 209 299 290 alf
809 189 1248 296 urlsroutttust
1295 207 1401 294 ΗΒ.
1435 208 1523 296 XL·
1549 207 1687 298 1649·
2189 211 2269 294 dib

221 381 416 466 Ecclesiam
441 377 648 457 conterreat
679 375 787 468 lubet
806 377 913 454 etiarn
932 395 1095 456 aeternus
1117 396 1219 480 pater
1269 384 1374 456 elesia
1395 396 1449 456 est
1469 383 1568 458 velut
1580 383 1807 481 grammatica
1820 389 1994 466 mrmonis
2010 385 2136 469 diripi.
2182 386 2269 462 Non

222 496 315 566 clara
339 515 423 562 voce
446 492 490 560 de
514 489 613 562 coelo
636 491 953 576 sonante‚1audiri
978 491 1113 576 tilium,
1138 515 1219 562 cum
1269 491 1364 560 enim
1384 513 1440 560 res
1462 513 1574 560 novas
1595 491 1786 583 excogitat,
1811 495 1872 566 sed
1891 495 2093 569 iunioribus
2108 493 2270 570 ostendit

221 596 357 691 inquit:
380 589 439 666 bie
463 606 515 664 est
535 594 631 664 filius
656 617 757 664 meus
770 595 938 680 dilectus,
963 612 1034 688 quo
1050 576 1226 680 delector}
1268 617 1387 664 rerum
1403 593 1567 664 ordinem
1590 607 1626 666 et
1647 595 1823 667 sermonis
1841 601 2106 691 proprietatem.
2157 599 2270 690 Quod

220 693 317 772 bunc
337 696 469 771 audite.
519 693 618 785 Quid
642 697 770 768 attinet
790 697 931 782 audire,
956 696 986 766 si
1008 719 1083 768 non
1105 696 1221 770 adfert
1267 711 1385 768 autem
1399 718 1526 786 magna
1543 697 1736 768 certamina
1752 703 2269 798 etsnntetfuernnt‚saepius

219 815 350 874 certam
379 813 414 869 et
445 799 585 878 firmam
616 799 840 870 doctrinam?
888 796 1053 893 Denique
1085 799 1130 870 de
1162 795 1220 868 his
1268 821 1370 868 causa
1385 798 1563 868 estetfuit
1579 800 1788 892 perversitas
1803 801 2028 894 ingeniorum
2038 806 2267 901 magisquam

220 903 307 996 ipsis
330 901 470 993 scriptis
491 897 726 994 propheticis,
751 925 839 995 quae
854 914 974 972 extant
997 903 1035 970 in
1048 897 1218 986 Ecclesia,
1267 900 1440 970 sermonis
1465 897 1580 969 divini
1604 901 1828 994 ambiguitas.
1873 903 2030 1002 ldeoque
2048 911 2134 980 :vult
2154 909 2266 998 Deus,

218 1005 338 1099 inquit
359 1002 509 1076 Paulus:
542 1017 616 1074 tota
641 1005 815 1094 scriptura
838 1004 961 1074 divino
991 1004 1122 1096 spiritu
1144 1018 1218 1076 tra-
1267 1003 1592 1074 iudiciadoctrinae
1608 1027 1692 1087 esse,
1710 1009 1789 1080 vult
1799 1007 1916 1095 etiam,
1931 1013 2114 1082 sententiis
2123 1011 2270 1105 piorum

219 1109 294 1178 dita
316 1105 417 1177 utilis
439 1119 493 1178 eat
516 1107 562 1178 ad
585 1106 786 1178 docendum
804 1118 868 1180 etc.
917 1101 967 1176 Et
980 1104 1122 1178 Petrus:
1150 1101 1218 1179 ha·
1267 1107 1425 1178 iudieum
1442 1106 1643 1177 confirmari
1657 1104 1921 1198 imbecilliores,
1933 1113 2203 1194 utdictumlest:
2231 1131 2270 1188 et

216 1213 342 1282 bentes
369 1231 570 1280 sermonem
597 1201 864 1302 propheticum,
896 1202 997 1277 huuc·
1020 1208 1218 1302 sequamini
1266 1222 1304 1278 tu
1317 1230 1509 1280 conversus
1522 1210 1689 1280 confirma
1703 1211 1829 1282 fratres
1844 1225 1935 1289 tuos.
1986 1213 2058 1288 Sed
2074 1211 2114 1286 bi
2128 1217 2269 1289 iudices

217 1309 366 1396 intenti,
400 1333 463 1380 ceu
488 1305 659 1406 lychnum
686 1311 725 1380 in
748 1312 899 1380 obscuro
926 1311 1004 1381 loco
1028 1312 1217 1386 lucentem.
1265 1312 1512 1382 noncondunt
1528 1333 1657 1383 novam
1674 1314 1890 1402 doctrinam,
1912 1329 2053 1388 tantum
2072 1320 2270 1391 confessio·

217 1413 343 1488 Petrus
358 1406 490 1505 lychno
510 1413 645 1484 lucenti
663 1413 799 1483 confert
813 1430 1012 1502 sermonem
1032 1407 1219 1506 propheti·-
1265 1437 1349 1482 nem
1380 1413 1511 1499 edunt,
1544 1437 1614 1508 qua
1640 1417 1850 1502 ostendunt,
1882 1439 1919 1488 se
1942 1421 2108 1512 amplecti
2130 1423 2269 1514 patefa-

217 1541 308 1592 eum.
358 1512 532 1586 Homines
547 1509 726 1608 prophani
739 1515 864 1585 dicunt
881 1537 954 1584 esse
970 1517 1134 1586 tenebras
1152 1529 1214 1590 aut
1264 1515 1418 1586 ctionem
1452 1513 1628 1602 divinam,
1661 1529 1696 1586 et
1720 1516 1875 1589 collectis
1897 1521 2109 1593 testimoniis
2130 1547 2270 1596 sermo-

216 1619 432 1712 praestigias.
465 1615 628 1690 Psalmus
643 1617 779 1711 inquit:
795 1617 940 1688 lucerna
956 1618 1107 1708 pedibus
1127 1617 1216 1688 meis
1264 1619 1321 1687 nis
1352 1617 1468 1688 divini
1491 1618 1647 1690 refutant
1670 1621 1904 1712 corruptelas3
1942 1635 1984 1694 ut
2003 1619 2161 1696 Ecclesia
2184 1623 2269 1697 An&

218 1721 367 1792 verbum
389 1732 510 1803 tuum;
542 1715 706 1788 homines
729 1715 906 1812 prophani
928 1719 1113 1812 inquiunt:
1140 1719 1214 1790 imo
1267 1713 1430 1790 tioehena
1455 1719 1585 1791 refutat
1606 1719 1895 1809 Samosntenum,
1921 1741 2124 1814 negantem,
2150 1721 2269 1827 λόγον

216 1823 380 1913 legantur
399 1817 602 1894 Aristotelis
622 1816 756 1906 ethica,
781 1823 945 1911 legantur
964 1823 1101 1894 decreta
1123 1845 1216 1912 pon·
1264 1820 1459 1910 significare
1468 1817 1781 1912 personaminhac
1789 1827 2010 1896 narratione:
2032 1829 2071 1896 in
2084 1829 2266 1921 principio

218 1925 375 1994 tilicum:
414 1923 454 1990 in
476 1917 533 1992 his
555 1937 607 1994 est
627 1923 753 2014 politia
773 1919 950 1992 Ecclesiae
971 1936 1065 1993 certo
1091 1923 1215 1994 etsine
1266 1936 1341 1992 crat
1357 1921 1518 1995 verbum.
1544 1917 1720 2013 Adiungit
1735 1925 1831 1994 enim
1847 1929 2027 2020 sequentia
2043 1930 2268 2025 dicta,quae

218 2025 448 2116 ambiguitate
470 2024 672 2094 constituta.
723 2021 847 2096 Esaias
871 2024 1004 2116 inquit:
1036 2027 1080 2094 ad
1103 2025 1216 2114 legem
1265 2023 1449 2116 perspicue
1471 2024 1660 2096 adfirmant
1681 2027 1898 2098 mentionem
1918 2029 1996 2100 fieri
2015 2055 2201 2122 personae:
2228 2047 2268 2104 et

218 2143 253 2202 et
276 2129 321 2198 ad
345 2125 588 2198 testimonium
615 2124 677 2218 qui
700 2150 775 2200 nou
800 2127 929 2196 dixerit
951 2127 1047 2198 iuxta
1065 2127 1215 2198 verbum
1264 2127 1412 2196 verbum
1427 2149 1509 2196 caro
1526 2127 1656 2198 factum
1673 2140 1736 2201 est.
1786 2125 1836 2201 Et
1857 2124 1922 2200 hos
1937 2131 2034 2224 ipsos
2048 2133 2181 2206 iudices
2197 2137 2267 2206 ad-

215 2225 303 2315 hoc,
322 2242 397 2298 non
411 2229 478 2298 erit
491 2227 524 2296 ei
538 2229 711 2298 matutina
726 2228 797 2302 lux.
831 2225 995 2321 Denique
1011 2228 1097 2298 talia
1113 2251 1216 2319 prae·
1263 2228 1379 2298 iuvari
1394 2227 1581 2318 probitatis
1594 2228 1964 2318 testimoniiseorum,
1986 2235 2049 2328 qui
2066 2235 2186 2306 fideles
2196 2238 2269 2307 do-

217 2331 419 2406 communia
452 2329 627 2400 sermonis
659 2329 775 2398 divini
807 2331 920 2400 multa
953 2342 1090 2416 extant,
1125 2352 1215 2424 quae
1263 2330 1396 2400 ctrinae
1413 2331 1574 2400 custodes
1587 2331 1734 2402 fuerunt
1749 2330 1854 2402 initio
1868 2347 1946 2423 post
1962 2329 2170 2427 Apostolos,
2186 2363 2268 2408 non

216 2447 364 2506 movent
389 2435 502 2502 bonas
524 2447 692 2516 mentes,
716 2444 758 2501 ut
781 2444 955 2514 statuant,
989 2444 1024 2501 et
1048 2432 1216 2520 legendos
1254 2425 1315 2502 'cst
1330 2431 1543 2502 absurdum:
1569 2443 1610 2500 ut
1634 2455 1701 2502 nos
1719 2433 1762 2502 de
1785 2434 1977 2506 divinitate
1992 2437 2057 2506 filii
2072 2436 2140 2508 Dei
2162 2441 2268 2510 testi-

218 2560 291 2612 esse
313 2537 425 2604 libros
447 2528 672 2624 propheticos
688 2557 727 2602 ac
749 2533 976 2624 apostolicos,
1009 2547 1043 2604 et
1067 2557 1108 2602 ex
1131 2533 1216 2626 ipsis
1264 2533 1384 2606 monia
1409 2531 1615 2626 quaerimus
1638 2531 1807 2623 Gregorii
1829 2533 2154 2621 Neocaesariensis,
2186 2541 2267 2612 lre-

216 2653 388 2732 tanquam
409 2635 569 2716 fontibus,
598 2637 789 2726 petendum
813 2657 885 2704 esse
909 2635 1107 2706 doctrinam
1139 2657 1217 2704 cer·
1263 2634 1345 2704 naci
1365 2648 1427 2706 aut
1448 2634 1593 2719 talium,
1624 2638 1687 2728 qui
1706 2632 1899 2728 Apostolos
1921 2653 1983 2711 aut
2005 2634 2266 2734 Apostolorum

217 2755 289 2812 tam
305 2741 442 2828 legum,
468 2736 746 2828 promissionum
763 2749 796 2806 et
812 2736 1043 2806 articulorum
1060 2735 1163 2822 fidei,
1182 2747 1217 2806 et
1264 2736 1457 2828 discipulos
1478 2735 1703 2807 audiverunt.
1755 2734 2034 2811 Commonelacti
2049 2765 2131 2832 ergo
2149 2745 2268 2815 imbe-

217 2839 293 2914 Deo
320 2863 356 2912 se
380 2839 604 2932 patefacienti
635 2833 731 2908 hune
760 2831 936 2908 honorem
967 2838 1143 2922 tribuant,
1176 2851 1217 2908 ut
1264 2837 1638 2926 cillioresdiligentius
1654 2839 1878 2914 considerant
1899 2843 2034 2929 fontes,
2058 2857 2093 2914 et
2114 2848 2269 2919 credunt

217 2943 392 3028 sentiant,
425 2941 581 3015 voluisse
608 2964 689 3012 eum
711 2963 794 3010 vere
815 2953 849 3010 ει
870 2939 1007 3010 utiliter
1032 2941 1156 3010 docere
1182 2952 1217 3009 et
1264 2941 1316 3009 ibi
1331 2931 1444 3038 λόγον
1460 2939 1649 3029 significari
1663 2963 1868 3032 personam:
1892 2943 2060 3016 invocant
2074 2945 2186 3017 lilium
2194 2944 2269 3018 Dei

218 3045 521 3134 consolarigenus
536 3038 753 3126 humanum,
771 3065 845 3110 non
860 3041 975 3112 voluit
990 3055 1030 3112 ut
1045 3041 1217 3131 impostor
1266 3065 1340 3112 non
1354 3053 1501 3133 propter
1517 3036 1646 3112 horum
1661 3042 1821 3112 iudicum
1844 3045 2074 3131 sententiam,
2100 3051 2160 3118 sed
2178 3051 2268 3142 quia

216 3161 357 3222 tantum
381 3146 566 3216 offundere
588 3145 804 3236 praestigias.
855 3140 963 3232 Quod
981 3143 1127 3232 eogitari
1142 3165 1216 3212 sce-
1264 3155 1462 3232 agnoscunt
1483 3143 1522 3211 in
1537 3165 1702 3213 sermone
1715 3145 1839 3215 divino
1866 3141 1958 3217 hanc
1974 3149 2172 3220 doctrinam
2188 3163 2273 3221 tra-'

217 3251 275 3322 lus
294 3261 412 3342 potest
433 3247 604 3334 atrocius,
628 3271 735 3341 quarn
750 3247 899 3334 fingere,
923 3244 1041 3316 Deum
1061 3245 1215 3320 voluisse
1265 3247 1372 3316 ditem
1397 3267 1481 3314 csse.
1539 3241 1662 3336 Neque
1692 3247 1903 3336 angelornm
1925 3253 2041 3342 deque
2071 3245 2267 3324 hominum

217 3353 258 3424 in
289 3351 449 3422 docendo
481 3363 617 3420 tantum
648 3349 841 3418 discordias
874 3347 1011 3416 serere?
1066 3343 1125 3418 Ab
1149 3341 1217 3416 bac
1266 3361 1361 3450 tanta
1385 3359 1437 3416 est
1465 3345 1671 3428 auctoritas,
1702 3361 1745 3418 ut
1771 3350 1925 3419 condere
1944 3351 2052 3422 talem
2071 3351 2268 3425 articulum

170 3527 174 3539 ,
218 3454 328 3546 impia
342 3451 512 3544 opinione
528 3445 718 3520 abhorrere
742 3451 825 3522 totis
843 3449 1023 3520 mentibus
1047 3461 1083 3520 et
1098 3461 1217 3539 pecto·
1266 3447 1749 3539 possint,abaeternopatre
1765 3451 1923 3540 genitum
1938 3475 2011 3522 essa
2027 3453 2151 3529 filium.
2190 3453 2270 3526 Sed

218 3557 320 3629 ribus
332 3577 457 3626 omnes
469 3554 666 3645 oportebat.
1265 3546 1357 3622 hanc
1381 3573 1545 3620 arcanam
1569 3572 1647 3618 rem
1662 3547 1759 3624 Deus
1773 3553 1850 3642 ipse
1864 3554 2045 3644 patefecit,
2070 3568 2106 3625 et
2124 3557 2270 3630 addidit

319 3657 390 3729 Sed
415 3657 598 3728 clamitant
630 3653 759 3748 aliqui,
791 3653 904 3724 multa
936 3652 1093 3724 breviter
1125 3651 1215 3738 dici;
1265 3651 1466 3722 testimonia
1489 3651 1728 3744 patefactioni.
1779 3653 1856 3724 Deo
1880 3655 1991 3743 igitur
2008 3657 2204 3744 credimus,
2229 3673 2271 3732 et

217 3761 427 3854 plerumque
448 3773 566 3828 autem
589 3759 629 3826 in
643 3757 815 3834 brevitate
829 3757 923 3824 inest
937 3754 1152 3838 obscuritas,
1177 3767 1217 3824 ut
1265 3755 1378 3824 lilium
1393 3755 1617 3840 invocamus,
1644 3755 1727 3846 quia
1749 3775 1790 3824 ex
1807 3755 1940 3826 divinis
1957 3757 2171 3830 testimoniis
2186 3785 2269 3831 cer-

95 3849 97 3856 ⁴
217 3863 364 3934 dicitur:
390 3862 508 3933 brevis
525 3885 597 3930 esse
611 3860 755 3942 laboro,
780 3860 952 3928 obscurus
968 3857 1025 3926 fio.
1078 3853 1217 3926 Deinde
1265 3871 1302 3928 to
1318 3855 1524 3938 statuimus,
1553 3877 1625 3924 esse
1640 3855 1934 3946 omnipotentem.

219 3967 249 4036 si
265 3978 355 4034 esset
372 3961 598 4056 perspicuitas
621 3975 738 4039 tanta,
764 3983 840 4030 non
859 3971 973 4028 essent
995 3957 1097 4028 toties
1115 3981 1216 4026 exor.
1367 3955 1407 4028 Si
1425 3981 1493 4048 qua
1509 3956 1616 4026 etism
1638 3957 1676 4024 in
1696 3971 1793 4048 parte
1809 3957 1964 4029 brevitas
1979 3975 2047 4048 est,
2072 3987 2140 4035 vox
2152 3966 2271 4034 mini-

219 4083 275 4140 tae
299 4065 545 4136 dissensiones.
596 4061 779 4132 Praeterea
804 4086 868 4131 cur
887 4059 1017 4130 iudicia
1035 4060 1217 4132 doctrinae
1265 4059 1365 4130 sterii
1385 4058 1572 4128 colladone
1593 4059 1877 4129 testimoniorum
1903 4061 1966 4132 illa
1986 4064 2147 4136 breviora
2172 4067 2270 4138 dicta

219 4171 259 4239 in
275 4163 435 4240 Ecclesia
447 4165 637 4237 constituta
654 4177 754 4247 sum,
775 4175 810 4233 ει
827 4163 947 4234 addita
961 4162 1216 4254 interpretatio,
1266 4163 1432 4232 illustrat.
1487 4156 1536 4230 Et
1558 4183 1783 4254 nequaquam
1807 4165 2011 4252 negandum
2037 4179 2109 4252 est,
2142 4189 2269 4239 vocem

221 4273 251 4344 ri
265 4272 366 4342 litora
382 4270 456 4360 ipsa
477 4269 530 4338 sui
552 4268 723 4358 interpres
738 4265 814 4334 est?
1266 4261 1456 4334 ministerii
1478 4262 1692 4332 audiendam
1719 4285 1802 4332 esse.
1863 4263 1934 4335 Sed
1948 4323 1951 4330 ,
1965 4268 2077 4337 eredit
2104 4289 2205 4340 mens
2233 4285 2272 4343 et

321 4371 402 4442 Non
420 4370 574 4440 difficilis
589 4366 770 4460 responsio
787 4380 857 4451 est,
882 4365 912 4434 si
936 4366 1012 4435 sine
1032 4365 1218 4436 calumniis
1266 4366 1408 4434 invocat
1422 4379 1567 4455 propter
1580 4364 1846 4455 patefactionem
1861 4366 2033 4438 divinam.
2062 4365 2132 4441 Ubi
2147 4385 2271 4443 antem

223 4475 382 4544 iudicare
405 4474 580 4542 volumus.
640 4469 727 4540 Vult
751 4465 846 4540 Deus
870 4469 907 4535 in
931 4463 1089 4536 Ecclesia
1111 4467 1219 4534 mini-
1269 4466 1424 4536 ministri
1443 4479 1477 4535 et
1494 4467 1555 4534 alii
1573 4479 1746 4556 spargunt
1762 4467 1949 4558 opiniones
1968 4485 2086 4560 aperte
2103 4495 2271 4563 pugnan-

222 4577 368 4649 sterium
382 4573 567 4662 Evangelii
583 4587 729 4658 esse,et
747 4569 915 4640 iiliusDei
930 4571 1057 4638 sedens
1074 4569 1118 4638 ad
1134 4569 1219 4638 dex·-
1267 4581 1319 4638 tes
1338 4591 1424 4638 ¹cum
1460 4589 1622 4638 sermone
1658 4567 1804 4654 divino,
1834 4571 1987 4652 iudicem
2020 4595 2092 4642 esse
2127 4591 2273 4664 oportet

221 4676 475 4751 “rameslensi
484 4676 592 4766 patris
605 4688 723 4744 servat
737 4668 805 4742 hnc
819 4671 1076 4754 ministerium,
1090 4692 1219 4744 sonans
1268 4670 1385 4759 ipsum
1410 4686 1607 4736 sermonem
1632 4668 1815 4753 divinum,
1847 4685 1887 4740 ut
1912 4672 2095 4764 perspicue
2117 4677 2271 4750 dieitur:

222 4777 409 4870 Evangelii
434 4802 573 4860 vorem,
600 4799 639 4845 ac
662 4779 720 4846 dat
738 4777 831 4844 dona
852 4769 1075 4852 hominibus,
1102 4785 1226 4870 pasto-1
1268 4773 1298 4841 si
1315 4771 1396 4865 quis
1418 4770 1516 4838 aliud
1531 4765 1766 4857 Evangelium
1784 4773 1904 4856 docet,
1931 4770 2118 4846 anathema
2132 4778 2188 4848 sit.

223 4885 513 4960 resetdoctoret.
564 4875 640 4948 llos
659 4878 736 4946 vult
751 4877 883 4944 audiri:
908 4876 969 4969 qui
985 4873 1128 4968 quidem
1145 4897 1219 4942 nnn
1369 4868 1467 4940 Haec
1488 4895 1530 4940 eo
1552 4871 1712 4956 recitavi,
1737 4885 1779 4942 ut
1800 4873 1998 4945 invitentur
2019 4877 2273 4954 adlectionem

224 5010 357 5056 novum
371 4979 842 5070 doctrinaegenusgignunt,
858 4979 917 5046 sed
935 4978 1084 5047 rudibus
1101 4991 1222 5048 osten-2
1270 4967 1559 5066 prophellwfflm
1587 4985 1621 5042 ⁰2
1642 4973 1918 5065 a1³⁰⁸i⁰ll⁰⁰l¹¹¹¹¹
1950 4994 2271 5053 ¹¹¹⁰¹²⁰m0¹¹l⁰fflffl

224 5091 332 5170 dunt,
349 5087 393 5156 de
407 5083 538 5177 quibus
554 5078 762 5157 ,ebusneus
776 5079 1006 5152 concionem,-
1020 5081 1059 5148 5„
1073 5101 1220 5148 suom..
1270 5079 1385 5145 bonae
1401 5083 1557 5156 mentes,
1585 5097 1648 5143 nec
1665 5076 1835 5144 deterreri
1857 5099 1894 5146 se
1908 5073 2104 5170 prophanis
2119 5082 2270 5156 illorum

225 5203 343 5273 mone,
358 5181 506 5280 phrasin
523 5196 700 5262 enarrant,
718 5181 905 5250 conferunt
920 5182 963 5250 ad
975 5181 1116 5250 divinas
1128 5181 1220 5268 leges
1270 5176 1412 5246 iudiciis
1432 5175 1567 5259 sinaut,
1591 5175 1652 5268 qui
1676 5177 1877 5258 clamitant,
1902 5203 1976 5248 esse
1992 5181 2078 5251 folia
2094 5181 2272 5279 Sibyllae,

226 5305 261 5362 et
290 5287 543 5380 promissiones
570 5279 763 5357 humanam
796 5281 1024 5373 sapientiam:
1059 5293 1222 5363 monent,
1270 5293 1330 5350 aut
1346 5273 1522 5370 Sphingos
1539 5279 1745 5367 aenigmata.
1774 5277 1813 5350 Si
1831 5280 1942 5350 lector
1955 5283 2089 5354 adferet
2103 5286 2271 5360 timorem

226 5387 631 5490 quidconvcniat,quid
648 5409 722 5456 non
737 5385 935 5456 conveniat.
969 5382 1134 5478 Denique
1147 5380 1221 5454 Ee*
1268 5379 1356 5467 Dei,
1383 5394 1418 5452 et
1440 5403 1595 5450 amorem
1611 5379 1768 5449 veritatis
1792 5395 1827 5453 et
1844 5383 2001 5478 aliquam
2023 5383 2207 5462 literarum
2235 5407 2273 5468 et
2357 5409 2358 5414 ’
