4658 5818
69 267 132 340 ild
584 254 1035 334 EPISTOLARUMY
1076 253 1183 334 atti.
1218 253 1316 332 tttt.
1369 251 1502 330 tosa.
2012 255 2087 340 att

67 439 230 522 divinam,
252 431 506 506 emmenum
519 453 671 524 poenas,
696 443 953 504 scravcrenter
964 425 1042 502 Dea
1099 427 1225 504 noticia
1255 427 1486 520 opinionilms
1511 429 1644 515 fucata,
1676 428 1840 522 imposita
1865 439 1918 500 est
1939 429 2086 500 miserae

67 544 350 631 obtemperemus,
364 547 401 606 et
413 534 566 604 sciamus
581 557 662 604 eum
678 527 959 604 hdcobedientia
973 533 1044 613 ooli
1096 529 1291 616 Ecclesiae,
1324 551 1420 601 nunc
1443 529 1625 626 tyrannica
1647 531 1811 600 barlaarie
1829 529 2029 615 stabilitur,
2055 545 2089 602 et

67 642 155 712 velle.
210 633 264 709 dc
283 649 416 708 mrtum
447 648 501 706 est
524 630 591 706 bac
611 635 744 706 virtute
774 635 885 706 multa
916 655 1066 724 magonw
1097 635 1237 706 castitas
1260 629 1421 724 pellitur,
1449 646 1483 706 et
1504 634 1735 723 negligantur
1754 634 1857 702 nervi
1881 631 2089 732 disciplinae

67 744 147 812 mala
168 738 282 812 vitari.
342 735 432 808 Nam
453 759 581 826 magna
609 758 690 828 pars
713 737 952 808 calamitatum
973 732 1044 806 bu·
1097 734 1295 808 necessarii.

67 863 273 912 manaruma
295 837 509 910 libidinibus
531 837 657 912 oritur.
707 834 756 910 Et
777 851 917 930 peccata
939 839 1045 910 semi·
1198 834 1288 908 Cum
1305 849 1422 906 autem
1438 831 1641 907 Deusamet
1662 833 1871 920 castitatem,
1897 847 1933 906 et
1949 847 2011 909 sira
2035 857 2091 906 sa-

68 945 115 1014 nis
129 945 322 1037 plerunque
334 937 433 1010 Dens
449 940 488 1008 in
503 939 654 1024 semine,
678 939 714 1008 id
738 952 808 1020 est,
834 940 873 1008 in
894 941 1047 1030 posteri.
1100 938 1230 1029 pientia
1254 933 1419 1028 Coniugii
1448 938 1541 1026 leges
1564 939 1737 1020 sanxerit,
1770 959 1834 1008 oro
1868 937 1984 1029 ipsum
2018 958 2090 1008 una

68 1058 143 1130 tate,
165 1043 279 1136 punit.
336 1037 385 1112 Et
404 1041 525 1130 regula
549 1054 729 1124 servatur,
760 1041 832 1112 siaa
857 1035 976 1114 πάθοι
996 1036 1045 1113 cd
1098 1063 1177 1110 cum
1200 1039 1324 1108 multis
1347 1037 1427 1107 aliis
1448 1061 1528 1108 vere
1552 1037 1801 1109 invocantibus
1825 1059 1924 1124 eum,
1954 1053 1995 1110 ut
2017 1041 2090 1132 ipse

68 1146 169 1240 ἔρεξε,
193 1139 279 1237 δίκη
297 1141 401 1214 ἰθεῖα
413 1134 619 1240 yivotro’).
668 1137 718 1211 Et
736 1143 775 1210 in
791 1143 884 1214 libro
895 1143 1045 1236 Sapien-
1099 1165 1163 1212 nos
1186 1153 1332 1232 propter
1347 1137 1499 1223 Filium,
1524 1139 1670 1231 Spiritu
1688 1164 1752 1210 suo
1773 1151 1894 1210 sancto
1909 1153 2025 1230 regat,
2051 1155 2091 1212 ut

69 1249 305 1337 tiacscriptum
322 1257 391 1327 est,
415 1237 596 1341 Pei-quae
613 1251 734 1338 peccat
750 1237 877 1328 domo,
898 1267 964 1341 per
984 1267 1047 1314 ca·
1099 1245 1143 1312 ad
1177 1243 1369 1314 castitatem
1404 1255 1526 1310 nostra
1554 1256 1695 1334 pectora
1721 1242 1858 1324 llectat,
1893 1255 1926 1314 et
1949 1256 2091 1314 tricator

70 1343 138 1418 mm
152 1348 316 1444 punitur.
365 1339 430 1418 dcci
453 1333 508 1418 ὧν
529 1369 586 1426 τις
609 1339 851 1440 ἆμαᾳταίνει,
875 1341 940 1420 διὰ
957 1339 1047 1418 τού-
1098 1343 1271 1434 Coniugia
1291 1357 1325 1413 et
1341 1343 1416 1434 pias
1432 1341 1605 1426 familias,
1628 1357 1663 1414 et
1685 1345 1735 1414 eis
1756 1339 1950 1414 Ecclesiam
1971 1357 2006 1415 et
2025 1339 2092 1414 lto-

70 1475 135 1522 των
149 1443 352 1535 κολάζεται.
1099 1447 1202 1539 spitia
1217 1460 1342 1518 servet.
1394 1439 1557 1516 Omnino
1572 1446 1609 1514 in
1626 1439 1691 1515 hac
1707 1457 1845 1517 senecta
1867 1447 1995 1516 mundi
2017 1466 2091 1514 ma-

157 1549 198 1620 lo
213 1545 279 1620 hac
293 1547 628 1620 commemoratione
646 1571 841 1640 poenarum
858 1548 964 1620 simul
987 1573 1047 1620 ca-
1100 1550 1191 1618 iores
1206 1547 1430 1618 confusiones
1442 1547 1580 1617 suturas
1597 1569 1689 1633 esse,
1708 1569 1815 1640 quam
1830 1547 1994 1634 fuenant,
2007 1571 2092 1618 voce

71 1653 156 1724 stitas
168 1665 202 1722 et
217 1649 356 1720 iusticia
369 1645 438 1718 Dei
454 1651 694 1734 celebrantur,
714 1664 748 1720 et
764 1649 873 1744 aliqui
891 1649 1047 1722 invitan-
1100 1651 1221 1720 divina
1237 1647 1455 1741 praedictum
1473 1662 1535 1719 est.
1588 1648 1657 1720 Sed
1681 1643 1766 1718 haec
1787 1647 1894 1718 simul
1916 1673 1984 1722 uos
2006 1666 2093 1719 con-

71 1767 137 1836 tor,
159 1766 198 1824 ut
219 1751 354 1822 maiore
378 1774 460 1820 cura
485 1751 598 1820 vitent
621 1745 705 1821 baec
727 1751 876 1838 scelera,
900 1767 934 1823 et
954 1753 1047 1822 cala·
1100 1751 1252 1838 solatur,
1274 1764 1308 1822 et
1323 1749 1502 1832 adfirmat,
1528 1748 1643 1820 Deum
1661 1745 1724 1820 bas
1741 1768 1928 1820 aerumnas
1947 1753 2091 1842 mitiga-

71 1855 209 1936 mitates,
229 1876 319 1946 quae
341 1851 468 1922 ordine
488 1853 661 1924 divinitus
684 1853 818 1924 sancito
841 1867 1047 1948 sequuntur.
1100 1869 1219 1924 trorum
1234 1851 1385 1936 esseda,
1409 1848 1471 1945 qui
1487 1853 1601 1944 ipsum
1616 1853 1794 1921 invocant.

71 1953 153 2024 llaec
174 1967 244 2024 tota
265 1952 437 2044 sapientia
461 1954 504 2022 de
520 1951 703 2038 Castitate,
728 1978 837 2047 qnare
852 1953 949 2026 Deus
970 1979 1046 2026 eam
1200 1951 1328 2027 Custos
1349 1963 1401 2022 est
1421 1951 1536 2022 Filius
1557 1953 1624 2024 Dei
1644 1949 1821 2023 Ecclesiae
1844 1977 1945 2039 suae,
1970 1968 2010 2026 ut
2037 1955 2094 2024 in-

71 2055 204 2146 intelligi
223 2055 326 2138 velit,
351 2056 530 2146 quomodo
548 2079 623 2124 eam
639 2057 809 2140 sanxerit,
834 2079 943 2149 quare
963 2081 1049 2148 poe·
1101 2056 1194 2147 quit,
1226 2049 1348 2128 Nemo
1370 2051 1488 2151 rapiet
1514 2077 1593 2126 oves
1618 2077 1718 2124 meas
1742 2047 1977 2126 inmanibus
1993 2054 2093 2132 noeis.
2167 2097 2170 2105 Δ

72 2181 125 2226 nas
144 2155 433 2249 delinquentibus
457 2156 693 2242 ordinaverit,
719 2153 972 2246 comprehensa
997 2171 1048 2228 est
1102 2156 1152 2226 Ac
1167 2155 1399 2228 certissimum
1413 2169 1464 2226 est
1476 2151 1670 2226 Ecclesiam
1684 2153 1751 2226 Dei
1769 2151 1864 2226 hunc
1880 2159 1997 2250 ipsum
2014 2183 2094 2227 coe-

73 2259 211 2328 indicto
238 2259 277 2325 in
303 2257 418 2348 primo
440 2256 533 2326 libro
555 2255 684 2342 Moisi‚
710 2257 772 2326 uhi
793 2259 964 2350 scriptum
987 2273 1050 2343 est,
1100 2273 1176 2330 tum
1207 2281 1298 2340 esse,
1338 2258 1400 2350 qui
1434 2259 1705 2328 fondamentum
1741 2257 1891 2344 retinet,
1932 2260 2095 2330 videlicet

73 2353 174 2428 Dixit
191 2375 385 2440 noattrtus,
410 2351 500 2428 Non
517 2365 568 2427 cst
585 2353 723 2430 honum
740 2353 888 2430 homini
900 2381 974 2430 csse
989 2383 1049 2432 so·
1099 2357 1333 2452 Evangelium
1351 2361 1395 2427 de
1409 2359 1481 2428 lilio
1498 2355 1564 2428 Dei
1574 2355 1732 2430 Domino
1750 2373 1872 2430 nostro
1891 2357 2096 2431 aasuChri-

74 2455 154 2543 lion,
175 2453 337 2529 Faciam
361 2456 397 2526 ei
415 2453 643 2530 adiutorium
658 2457 790 2536 simile.
839 2459 930 2534 Cum
954 2463 1048 2533 enim
1101 2476 1155 2533 sto
1180 2463 1447 2552 incorruptum,
1473 2461 1573 2530 cuius
1595 2459 1747 2552 agminis
1769 2485 1837 2530 vox
1861 2461 1898 2530 iu
1924 2456 2096 2548 docendo,

75 2563 159 2630 addit
174 2560 443 2652 praelationem,
457 2559 558 2632 Dixit
571 2579 766 2648 notuimus,
786 2561 957 2653 significat
970 2587 1050 2656 gra·
1101 2579 1135 2635 et
1149 2563 1326 2634 invocatio
1342 2559 1555 2647 audiuntur,
1577 2575 1612 2633 et
1624 2557 1842 2656 conspicitur
1854 2585 1938 2634 usus
1951 2563 2099 2644 rituum,

74 2663 200 2732 vissima
232 2662 490 2732 deliberatione
523 2657 619 2734 huuc
652 2665 814 2734 ordinem
848 2666 1049 2737 institutum
1101 2665 1163 2760 qui
1179 2666 1351 2736 divinitus
1367 2664 1489 2736 traditi
1505 2677 1608 2750 sunt,
1631 2663 1857 2736 consentiens
1878 2687 1958 2736 cum
1973 2661 2095 2735 Evan-

75 2787 152 2844 esse‚
172 2759 420 2834 utbocmodo
440 2785 550 2854 genus
572 2759 768 2836 humanum
792 2767 1053 2840 consociaretur
1100 2767 1204 2858 gelio.
1262 2763 1307 2835 ln
1329 2759 1396 2835 hoc
1421 2778 1521 2834 coetu
1546 2765 1632 2834 dum
1657 2787 1802 2852 sumus,
1836 2780 1870 2836 et
1899 2768 1985 2836 dum
2012 2761 2096 2837 huic

75 2879 103 2934 et
116 2878 380 2956 propagaretur,
406 2878 439 2934 et
455 2879 493 2935 nt
509 2867 649 2935 vincula
667 2880 760 2937 certa
780 2882 815 2940 et
828 2882 939 2939 metae
962 2893 1054 2939 con·
1101 2869 1216 2938 coetui
1243 2868 1432 2945 servimus,
1458 2891 1523 2936 nec
1547 2865 1735 2936 laborarit
1764 2865 1899 2951 inanis,
1928 2893 1991 2937 nec
2015 2884 2096 2942 vota
2203 2939 2205 2946 ,

74 2966 260 3036 sociationis
276 2979 410 3050 essent,
434 2979 468 3036 et
486 2967 673 3058 puniretur
694 2964 800 3040 buius
817 2969 954 3040 ordinis
975 2985 1052 3042 tur·
1101 2985 1207 3040 errant
1228 2965 1339 3041 irrita.
1392 2965 1467 3036 Hac
1491 2989 1554 3037 ntis
1572 2969 1814 3038 consolatione
1833 2961 1951 3036 inbis
1970 2971 2096 3038 confu-

74 3067 166 3140 balio.
217 3065 292 3137 lam
308 3067 421 3156 cogita
439 3081 611 3161 quantum
629 3071 810 3155 scelus,et
824 3085 978 3165 quantus
994 3075 1051 3142 lu·
1100 3071 1261 3142 sionibus
1284 3093 1403 3140 rerum
1429 3064 1665 3140 humanarum
1689 3083 1724 3140 et
1753 3069 1789 3138 in
1814 3069 1935 3140 multis
1958 3072 2098 3160 magnis

76 3163 187 3249 rorsit,
202 3193 276 3240 non
291 3168 407 3240 solum
423 3171 567 3240 turbare
582 3164 678 3240 hunc
694 3171 869 3260 ordinem,
885 3189 1052 3245 namara
1101 3173 1279 3244 aerumnis
1301 3183 1556 3258 sustentemus,
1587 3185 1624 3242 et
1654 3171 1769 3242 iuvari
1792 3193 1861 3242 nos
1886 3197 1906 3242 a
1930 3170 2004 3242 lilio
2030 3171 2095 3263 Dei

75 3283 159 3354 nm,
182 3269 219 3340 id
245 3281 317 3356 est,
342 3293 468 3340 arcana
490 3272 745 3342 deliberatione
767 3275 890 3346 divina
908 3275 1053 3346 institu—
1098 3289 1195 3347 'cerlo
1212 3287 1415 3346 statuamus.

75 3382 155 3452 tum,
178 3373 236 3442 sed
260 3393 407 3463 prorsus
430 3373 642 3442 contrariam
668 3375 779 3463 legem
800 3378 902 3451 ferre.
954 3373 1054 3447 Dixit
1203 3374 1295 3448 Cum
1317 3385 1434 3444 autem
1454 3375 1594 3444 ederem
1617 3371 1681 3444 bas
1697 3375 1851 3466 pagellas
1865 3373 1905 3443 in
1922 3375 2096 3445 vestibulo

74 3468 172 3556 Deus,
196 3497 236 3543 ac
257 3473 442 3543 mandavit
466 3475 612 3544 immota
635 3475 729 3564 lege,
759 3491 801 3548 ut
824 3473 988 3549 homines
1014 3479 1052 3546 in
1102 3501 1235 3550 nomen
1258 3491 1361 3548 tarum
1383 3470 1486 3545 Patre
1508 3477 1687 3547 carissime
1718 3477 1907 3568 adscripsi,
1943 3489 1984 3546 ut
2007 3491 2097 3547 extet

75 3565 129 3641 hac
160 3572 329 3646 imbecilli
358 3587 484 3644 natura
517 3577 555 3646 iu
580 3577 745 3669 coniugio
775 3579 934 3672 legitimo
962 3593 1054 3652 caste
1103 3581 1280 3652 amiciciae
1295 3593 1433 3650 nostrae
1446 3579 1706 3658 testimoninm,
1733 3600 1839 3671 quam
1855 3577 1998 3670 quidem
2016 3601 2096 3668 per-

76 3673 191 3748 vivant.
1104 3695 1244 3774 petuam
1261 3705 1334 3750 esse
1349 3681 1447 3764 volo,
1472 3691 1591 3771 etqua
1608 3681 1646 3750 in
1662 3681 1724 3752 illa
1744 3695 1888 3750 aeterna
1905 3693 2096 3749 consuetu-

160 3773 295 3847 Dicunt
316 3790 437 3848 contra
458 3775 616 3850 Romani
635 3777 826 3852 Pontifices
851 3796 886 3853 et
906 3806 1055 3874 magnae
1104 3785 1188 3854 dine
1217 3783 1375 3854 coelestis
1409 3778 1587 3856 Ecclesiae
1621 3781 1762 3851 dulcius
1796 3782 1973 3865 fruemur,
2014 3803 2095 3852 cum

76 3877 154 3961 parti
172 3873 362 3948 bominum
385 3881 627 3972 praecipiunt,
652 3905 698 3952 ne
722 3885 844 3956 vivant
866 3885 905 3953 in
928 3885 1053 3956 coniu—
1103 3883 1194 3957 hanc
1210 3887 1321 3977 ipsam
1344 3883 1542 3954 doctrinam
1556 3883 1599 3952 de
1613 3897 1709 3967 tam,
1734 3884 1835 3952 etde
1859 3882 1934 3952 eius
1957 3883 2098 3974 sapien-

75 3976 134 4061 gio.
182 3977 273 4069 Quis
294 4003 369 4050 nou
392 3996 595 4072 expavescat
610 3995 745 4054 tantam
759 3987 942 4056 audaciam
966 4011 1053 4057 con·
1103 3989 1170 4074 tia,
1202 3989 1378 4069 bonitate,
1412 3984 1567 4094 iqsticia,
1602 3986 1707 4054 etde
1736 3983 1848 4054 causis
1877 3985 2102 4055 mirabilium,

77 4077 237 4162 siderans,
264 4083 362 4174 qood
386 4081 575 4153 miserrimi
600 4079 764 4154 homines
786 4090 918 4157 audent
941 4089 1052 4179 legem
1102 4111 1249 4182 operum
1263 4087 1787 4178 ipsiusintegrecognoscemus,
1802 4100 1961 4157 autorem
1979 4088 2095 4178 ipsum

32 4230 36 4241 .
76 4177 173 4264 lerre,
203 4205 294 4278 quae
329 4206 489 4273 expresse
521 4185 696 4254 contraria
727 4201 778 4256 est
802 4189 870 4278 legi
900 4191 1054 4265 divinae.
1103 4213 1220 4260 coram
1238 4202 1272 4259 et
1294 4189 1473 4257 intuentes
1495 4199 1530 4257 et
1545 4188 1746 4272 audientes,
1770 4211 1868 4258 suam
1892 4189 1930 4258 in
1954 4212 2019 4257 nos
2041 4211 2096 4257 sa·

77 4273 200 4352 Deinde
215 4307 306 4377 quae
320 4284 450 4353 scelera
476 4287 568 4376 parit
591 4281 659 4354 hoc
680 4283 908 4360 Pontificium
933 4293 1055 4362 decre-
1103 4289 1270 4384 pientiam
1284 4303 1318 4359 et
1330 4289 1524 4359 bonitatem
1540 4289 1762 4360 manifestius
1778 4290 2096 4360 transfundentem.

78 4391 153 4456 tum.
200 4379 254 4454 Ac
276 4384 532 4476 sapientissime
546 4383 679 4457 Paulus
700 4401 822 4460 monet
843 4391 969 4461 talium
989 4393 1054 4462 de·
1106 4393 1196 4463 Volo
1212 4403 1330 4463 autem
1347 4393 1439 4462 etde
1455 4386 1523 4461 boc
1540 4393 1670 4482 scripto
1697 4405 1730 4461 et
1749 4391 1794 4459 de
1811 4391 1956 4460 caeteris
1978 4391 2095 4460 omni-

79 4495 237 4553 cretorum
251 4499 393 4556 autores
407 4509 480 4556 esse
502 4509 576 4557 non
593 4483 778 4576 homines,
802 4494 861 4562 sed
880 4493 1054 4580 diabolos,
1104 4497 1168 4565 bus
1184 4519 1273 4588 quae
1290 4492 1406 4577 edidi,
1431 4493 1566 4562 indices
1580 4515 1654 4561 esse
1671 4514 1795 4584 omnes¹
1812 4493 1934 4562 doctos
1950 4493 2046 4564 viros
2062 4507 2097 4565 et

79 4582 131 4671 qui
151 4585 230 4654 odio
245 4585 315 4658 Dei
337 4600 467 4678 augent
480 4588 709 4682 spurciciam,
733 4605 774 4662 ut
796 4605 831 4664 et
851 4593 930 4665 Deo
952 4597 1054 4666 dolo·
1102 4597 1253 4668 candide
1272 4595 1468 4666 iudicantes
1497 4595 1535 4661 in
1564 4587 1620 4662 his
1640 4591 1808 4665 Ecclesiis
1831 4605 1865 4664 et
1885 4590 2096 4679 Academiis,

79 4702 141 4750 rem
155 4687 332 4773 adierant,
359 4701 396 4759 et
412 4689 603 4760 imbecillia
619 4687 687 4760 Dei
710 4717 819 4784 opera
839 4697 1053 4768 contumelia
1102 4721 1191 4792 quae
1206 4695 1472 4770 confessionem
1489 4687 1681 4764 exhibitam
1702 4693 1788 4786 imp.
1802 4691 1932 4766 Carolo
1957 4697 1994 4764 in
2010 4719 2092 4765 con·

79 4781 245 4867 adiciant,
271 4801 306 4858 et
319 4811 445 4882 magna
459 4785 646 4860 hominnm
662 4795 802 4882 agmina
823 4820 844 4868 a
861 4797 937 4869 Deo
951 4800 1055 4869 avul-
1104 4795 1426 4888 ventuAugustano
1436 4791 1535 4866 Anni
1546 4794 1930 4886 15³0amplectnntur,
1945 4821 2094 4891 quaram

81 4903 129 4966 aa,
151 4885 187 4954 in
201 4901 384 4960 aeternum
398 4891 544 4962 exitium
557 4886 711 4967 trabant.
1103 4923 1240 4992 semper
1251 4898 1352 4969 volui
1372 4905 1595 4968 communem
1612 4898 1811 4968 doctrinam
1829 4897 1997 4979 recitare,
2021 4923 2095 4969 non

166 4983 371 5060 Execranda
392 5005 445 5061 est
464 4991 572 5080 igitur
594 4993 658 5063 illa
681 4995 854 5068 diabolica
885 5001 943 5072 lex
968 5027 1055 5074 voce
1104 5003 1201 5072 volni
1216 5001 1358 5091 gignere
1373 5019 1483 5068 novas
1501 4999 1700 5092 opiniones.

81 5077 276 5160 Pontificum
292 5091 534 5184 promulgata,
558 5110 648 5187 quae
662 5096 820 5188 primum
833 5101 932 5174 falsis
947 5117 982 5175 et
1001 5106 1055 5176 la·
1204 5099 1366 5195 Cumque
1382 5099 1421 5170 in
1433 5097 1899 5194 inspectioneEcclesiarum
1915 5100 2018 5172 initio
2030 5097 2094 5173 ha-

83 5253 287 5276 -..,....
1106 5229 1186 5276 rum
1201 5205 1439 5275 mutationum
1454 5203 1612 5274 audirem
1630 5202 1792 5272 dissonos
1804 5204 2001 5273 multorum
2022 5205 2096 5276 cla-

111 5345 135 5413 ‘t
152 5345 215 5414 „De
234 5347 293 5418 lege
308 5347 417 5407 talionis
436 5369 530 5408 versus
549 5351 712 5410 astam-nu
733 5357 838 5415 aduisa
865 5361 900 5418 alt
923 5362 1055 5421 Aristol.”
1104 5329 1236 5426 'noim’
1266 5305 1438 5426 ‚mediocri
1464 5305 1581 5422 “lidio
1606 5317 1639 5374 et
1662 5327 1790 5422 colpus
1815 5303 1996 5423 dola-‘ime
2021 5307 2096 5424 τεὼ

140 5415 791 5498 [atempttanttqmmumbtmtnpmm.1
823 5431 828 5434 ·
1104 5409 1190 5500 lega,
1215 5421 1249 5476 et
1264 5431 1303 5476 m
1319 5409 1535 5499 exponendis
1551 5417 1602 5478 tot
1622 5428 1734 5476 causas
1758 5427 1913 5500 quassavi
1935 5429 2095 5498 proprie·

1203 5501 1311 5578 4⁰¹⁸.
