4684 5802
212 239 313 319 115⁶
777 219 1208 307 uetsrotaaum

216 426 289 488 tem
313 419 397 500 opto
418 405 517 478 vobis
531 401 717 484 omnibns,
737 403 784 494 τῇ
798 392 965 499 θυγατρί
980 416 1049 470 σου
1064 389 1208 492 φίλημα

218 506 283 586 καί
305 512 359 604 aq*
378 503 461 604 vics.
518 503 616 576 Bene
638 516 674 574 et
699 501 851 572 feliciter
872 501 995 576 valete.
1049 496 1118 568 Die
1147 497 1206 566 ta.

221 611 391 684 Decemh.

233 819 397 834 m
1019 807 1193 820 μ·

224 961 289 1039 No.
305 957 415 1036 628⁰.

231 1062 442 1101 Μ

1040 965 1097 1028 21.
1116 953 1213 1018 Deob-

1036 1043 1207 1082 unm

573 1137 876 1230 Scholasticis.

295 1298 401 1368 Scripta
418 1294 494 1370 publ.
512 1295 546 1352 Τ.
562 1297 583 1352 Ι.
603 1315 630 1368 p.
644 1297 704 1350 lli.
722 1322 756 1334 -
793 1291 889 1348 addid
910 1289 958 1345 hie
975 1291 1029 1345 hoe
1047 1285 1129 1344 liberi
1147 1286 1214 1362 sori·

328 1365 506 1489 ptumffluia
519 1367 577 1420 eine
592 1364 711 1420 nemtio
728 1361 761 1416 de
774 1371 866 1444 morte
878 1361 968 1442 uspris
982 1357 1090 1414 botheri
1108 1377 1125 1412 a
1139 1358 1212 1412 Cor·

332 1453 399 1506 pore
464 1441 631 1488 armatorum
645 1433 739 1486 abesse
753 1449 830 1504 posse
843 1449 883 1482 ιιι
898 1427 1049 1484 vedebatur·

236 1577 461 1664 VieeReelor
479 1578 699 1755 Academgahe
721 1579 1016 1678 Witehergensr's
1036 1573 1217 1652 Paulus

703 1707 819 1758 erus.

233 1825 304 1912 Est
324 1859 405 1906 vere
425 1834 555 1926 tragice
570 1835 702 1906 dictum
718 1837 763 1905 ab
775 1829 989 1928 Euripide¹)
1011 1833 1054 1902 de
1078 1831 1217 1902 miseria

233 1937 370 2026 generis
385 1931 534 2006 humani
549 1951 584 2006 et
600 1935 737 2006 infinita
754 1937 846 2006 mole
860 1959 1120 2016 aerumnarum,
1132 1956 1219 2028 quas

234 2037 382 2108 sustinet
396 2031 481 2106 haec
498 2037 636 2108 infirma
650 2051 794 2108 natura:

277 2163 335 2232 osia
354 2161 436 2233 ἔστιν
458 2161 549 2230 otidis
570 2163 685 2250 decada,
705 2154 766 2230 ὧδ’
787 2165 897 2246 stum,
917 2163 990 2242 ἴπος

277 2249 349 2315 odet
371 2247 495 2328 πάθος,
518 2246 591 2314 οὐδὲ
612 2248 757 2334 ξυμφορὰ
781 2246 935 2356 dep'loroc

275 2323 315 2418 ἧς
335 2331 392 2399 osia
414 2331 453 2398 dv
475 2331 577 2418 ἄραιτ’
600 2331 704 2416 ἄχθος
724 2331 895 2419 ἄνθρωπον
917 2331 1020 2420 φύσις.

235 2455 318 2576 Qua
331 2455 524 2540 sententia,
542 2479 622 2524 eum
639 2479 677 2527 ca
694 2455 731 2526 in
748 2447 1044 2528 theatrohthenis
1059 2475 1222 2546 pronun-

238 2571 411 2636 tiaretur,
443 2555 493 2624 ita
514 2571 710 2628 commotus
732 2570 784 2626 est
798 2555 976 2642 Socrates,
999 2557 1055 2625 vir
1076 2555 1220 2626 oraculo

168 2678 171 2684 ’
236 2654 411 2751 Delphico
425 2655 600 2732 iudicatus
615 2657 912 2747 sapientissimus,
934 2672 974 2728 ut
990 2677 1136 2746 surgens
1151 2656 1222 2726 alta

238 2783 323 2830 voce
347 2757 551 2828 inclamaret
580 2752 809 2840 histrionem,
837 2759 1055 2852 eandemque
1080 2769 1222 2826 senten-

239 2861 323 2933 tiam
340 2873 496 2950 repetere
510 2858 657 2934 iuberet.
708 2853 870 2930 Omnino
887 2859 982 2928 enim
999 2871 1145 2930 testatur
1162 2881 1221 2926 ex-

238 2961 430 3056 perientia,
456 2959 587 3028 multos
602 2953 740 3030 homini
763 2959 903 3030 evenire
926 2961 1145 3032 tristissimos
1163 2983 1222 3030 ea-

239 3087 309 3148 sns,
325 3085 477 3155 quorum
493 3085 539 3130 ne
558 3061 722 3150 cogitatio
737 3061 882 3155 quidem
896 3085 1054 3156 unquam
1070 3061 1109 3130 in
1121 3083 1222 3128 men·

239 3179 310 3238 tem
324 3175 469 3232 venerat
486 3175 601 3236 antea.

339 3275 418 3350 Etsi
442 3292 558 3348 autem
581 3276 672 3346 ratio
696 3271 851 3346 humana
872 3276 1039 3348 omnibns
1053 3275 1222 3366 tempori-

239 3382 440 3462 bnsoausas
458 3377 596 3471 quaerit
611 3391 727 3447 tantae
747 3371 952 3472 miseriae²)
973 3379 1012 3449 in
1033 3373 1099 3448 hac
1122 3401 1223 3468 prae-

242 3481 348 3552 stanti
371 3494 406 3550 et
419 3477 494 3548 Deo
512 3479 694 3548 simillima
708 3489 854 3563 natura,
878 3491 998 3550 tamen
1012 3479 1086 3548 sola
1099 3475 1224 3548 Eccle-

241 3582 293 3652 sia
308 3581 481 3652 divinitus
504 3581 625 3654 edocta
648 3601 721 3650 non
743 3601 863 3658 causas
883 3579 999 3650 solum
1018 3574 1222 3650 scitharum

241 3703 509 3765 aerumnarum,
542 3683 602 3755 sed
631 3679 802 3752 auxilinm
829 3703 969 3776 quoque
1000 3683 1097 3752 unde
1129 3695 1225 3772 petat

242 3778 365 3862 hebet,
391 3796 426 3852 et
440 3795 556 3850 tntum
579 3793 718 3870 portum
736 3781 921 3872 prospicit,
943 3806 1013 3875 quo
1039 3806 1076 3851 se
1095 3781 1223 3850 libera·
1277 3808 1286 3825 ·

243 3895 315 3952 tam
336 3884 381 3952 ab
403 3877 458 3950 his
480 3881 681 3972 ingentibus
703 3881 804 3959 mstis
819 3883 967 3956 undem.
977 3895 1223 3974 perventuram

243 3982 360 4062 videt,
385 3982 535 4076 ideoque
549 3984 616 4052 fert
628 3982 732 4052 etiam
749 3997 948 4072 praesentes
962 4005 1225 4074 aerumnaspa-

245 4083 388 4166 tienter,
415 4095 451 4154 et
472 4081 641 4152 auxilinm
658 4081 725 4152 Dei
740 4083 923 4175 implorat,
948 4097 982 4155 et
996 4084 1083 4170 scit,
1107 4107 1225 4174 preces
1277 4112 1286 4128 ·

246 4205 325 4254 snas
339 4207 414 4253 non
432 4205 504 4252 esse
520 4183 655 4264 irritas,
678 4185 737 4252 sed
753 4199 814 4254 aut
825 4186 1071 4258 liberationem
1087 4200 1148 4256 aut
1158 4210 1225 4253 mr-

245 4284 448 4374 tigationem
469 4283 643 4354 malorum
667 4280 875 4373 impetrare,
903 4301 937 4356 et
963 4281 1029 4354 hae
1058 4309 1120 4376 spe
1152 4309 1224 4354 scsc

247 4399 437 4465 sustentat,
470 4387 565 4478 quod
585 4397 690 4456 restet
712 4388 854 4455 tandem
869 4387 1050 4472 liberatio,
1076 4387 1224 4458 allatura

246 4499 423 4574 aeternam
446 4487 594 4576 gloriam
616 4500 650 4558 et
672 4485 845 4556 laeticiam
869 4488 908 4556 in
922 4501 1061 4557 aeterna
1078 4511 1224 4556 cousue-

246 4587 372 4658 tudine
397 4611 477 4656 eum
500 4585 576 4658 Deo
603 4601 637 4658 et
660 4587 806 4657 domino
827 4603 948 4660 nostro
972 4585 1051 4658 Iesu
1071 4583 1224 4672 Christo,

245 4689 443 4760 redemtore
457 4700 490 4757 et
504 4687 693 4759 liberatore
708 4712 786 4760 suo.

347 4799 426 4874 Hac
441 4826 501 4894 spe
516 4825 552 4872 se
568 4803 672 4872 etiam
690 4807 797 4874 erexit
812 4806 852 4874 in
865 4804 1001 4896 magnis
1017 4805 1224 4877 calamitati·

246 4905 314 4976 bus
330 4903 388 4996 pia
404 4919 564 4992 matrona
580 4895 795 5005 Catharino
811 4930 836 4974 o
849 4899 975 4990 Bora,
997 4920 1079 4977 nata
1098 4931 1139 4976 ex
1161 4931 1226 4976 uo-

246 5003 311 5074 bili
336 5003 470 5077 familia
491 5007 660 5097 equestris
681 5006 819 5075 ordinis
842 5008 882 5076 in
896 5007 1047 5088 Misnia,
1071 5007 1226 5077 coniunx

240 5161 464 5186 -ι-ιιιι-ι--ι

280 5261 292 5313 l
325 5253 417 5312 orest.
431 5257 521 5316 1-5.

281 5261 311 5417 ii)
322 5337 433 5394 Editum
448 5351 503 5394 est:
523 5360 625 5400 euocat
637 5363 708 5413 quae
720 5355 787 5402 ιιιιιι
798 5348 1048 5436 laatoemt'secne,
1069 5348 1208 5406 mendose.

1260 213 1367 296 tta.
1396 212 1480 292 xit
1534 211 1669 292 tata.
2153 213 2248 288 etot

1260 383 1446 458 metendi
1468 398 1504 454 et
1523 387 1634 454 sasrcti
1656 383 1745 468 riri,
1778 379 1927 454 Domini
1950 377 2116 455 Bostaris
2131 379 2246 454 Mar-

1260 483 1333 554 tim'
1343 477 1516 556 Lusisti.
1565 484 1656 556 Natu
1672 509 1754 554 curn
1767 483 2031 554 acerbissimum
2042 486 2176 555 vulnus
2190 511 2246 556 ac-

1260 587 1407 678 cepisset
1428 609 1470 658 ex
1495 599 1608 656 morte
1629 585 1766 670 mariti,
1802 609 1909 677 quem
1931 585 2077 654 dolebat
2112 588 2152 655 in
2179 589 2247 655 alio

1260 689 1339 758 loco
1356 709 1430 756 esse
1446 687 1659 772 extinctum,
1675 686 1739 756 ubi
1754 684 1948 774 aegrotanti
1963 686 2082 754 adesse
2095 701 2132 758 et
2149 713 2248 778 prae-
2335 689 2336 692 ’

1261 801 1353 860 elate
1366 787 1470 858 fidem
1483 802 1518 859 et
1526 803 1678 858 extrema
1692 787 1806 856 officia
1822 785 1900 877 piae
1908 786 2068 874 coniugIs
2081 790 2250 858 morienti

1264 911 1337 958 non
1360 889 1532 980 potuerit,
1560 911 1642 958 mox
1664 889 1849 960 subsecuto
1873 887 1968 956 bello
1984 911 2064 958 cnm
2079 885 2251 980 orphanis

1264 989 1385 1060 liberis
1400 989 1663 1060 circumerravit
1677 989 1715 1056 in
1736 989 1842 1058 exilio
1865 987 2028 1056 maximis
2049 1013 2129 1058 cum
2155 991 2251 1060 difli-

1264 1089 1453 1160 cultatibus
1477 1103 1511 1161 et
1533 1089 1715 1182 periculis,
1748 1103 1783 1158 et
1808 1101 1947 1180 praeter
1980 1089 2166 1162 viduitatis
2197 1093 2252 1159 in-

1265 1192 1471 1276 commoda,
1501 1215 1592 1285 quae
1614 1189 1825 1278 multiplicia
1849 1201 1950 1272 sunt,
1980 1189 2086 1258 etism
2111 1207 2252 1282 experta

1265 1304 1318 1361 est
1338 1315 1501 1382 magnam
1526 1290 1815 1382 iugratitudinem
1837 1289 2051 1378 multorum,
2077 1315 2097 1360 a
2123 1294 2254 1384 quibus

1266 1415 1411 1482 sperans
1427 1393 1594 1462 ίιιιιιίίιίι
1609 1405 1753 1483 propter
1776 1389 1893 1460 mariti
1920 1389 1976 1458 sui
1997 1389 2156 1478 ingentia
2181 1417 2256 1462 πιε-

1267 1493 1335 1564 rita
1349 1493 1491 1586 publica
1507 1495 1545 1563 in
1559 1490 1771 1578 Ecclesiam,
1795 1513 1896 1584 saepe
1917 1491 2069 1582 turpiter
2085 1492 2254 1564 frustrata

1268 1604 1331 1663 est.
1652 1661 1655 1668 .

1369 1687 1532 1760 Tandem
1550 1715 1630 1761 cum
1652 1691 1814 1782 contagio
1830 1693 2051 1784 pestilentiae
2066 1691 2175 1764 etiam
2191 1696 2255 1764 do-

1269 1815 1368 1860 mum
1394 1793 1503 1884 ipsius
1528 1805 1618 1862 esset
1640 1793 1788 1878 infecta,
1814 1807 1853 1864 ut
1873 1793 2005 1864 liberos
2027 1819 2069 1864 ex
2092 1795 2252 1884 periculo

1269 1893 1441 1983 eriperet,
1460 1895 1555 1990 quod
1575 1893 1668 1984 piam
1686 1907 1833 1963 matrem
1859 1895 1975 1980 decet,
2001 1895 2134 1968 iterum
2158 1896 2254 1964 exilii

1269 1992 1492 2066 dillicultates
1515 1993 1677 2084 suscipit,
1703 1993 1795 2065 etin
1816 1995 1959 2076 itinere,
1991 2021 2072 2066 cum
2094 2011 2253 2065 conster-

1270 2094 1372 2163 nanti
1395 2093 1479 2187 equi
1501 2117 1645 2164 currum
1667 2117 1731 2186 per
1752 2095 1829 2166 avia
1844 2097 2017 2188 raptatnri
2034 2097 2254 2181 viderentur,
2335 2117 2336 2122 ’

1271 2193 1391 2265 territa
1414 2194 1540 2264 misera
1565 2205 1727 2264 matrona
1746 2219 1821 2264 non
1841 2209 1911 2265 tam
1933 2219 1995 2266 sua
2028 2221 2136 2291 quam
2164 2199 2256 2268 libe·

1270 2318 1392 2364 rorum
1408 2317 1511 2365 causa
1529 2318 1570 2364 ex
1591 2319 1698 2366 curru
1720 2295 1886 2365 desiliens
1909 2319 2035 2388 corpus
2061 2299 2101 2366 in
2124 2311 2255 2367 terram

1271 2395 1424 2486 graviter
1437 2396 1571 2480 allidit,
1596 2409 1632 2466 et
1654 2397 1693 2469 in
1713 2397 1875 2468 lacunam
1897 2399 2044 2488 frigidae
2066 2423 2182 2494 aquae
2205 2401 2257 2467 la-

1273 2497 1388 2576 bitur,
1421 2497 1484 2566 ubi
1507 2497 1635 2589 partim
1661 2499 1945 2568 consternatione
1968 2499 2097 2579 animi,
2126 2500 2254 2589 partim
2335 2517 2336 2524 ¹

1272 2596 1463 2666 afflictione
1478 2599 1637 2688 corporis
1652 2621 1693 2666 er
1705 2597 1768 2666 illo
1785 2621 1866 2667 casu
1881 2599 1919 2668 in
1932 2601 2097 2668 morbum
2112 2623 2256 2690 gravem

1273 2699 1391 2768 statim
1415 2697 1558 2782 incidit,
1591 2721 1663 2789 quo
1692 2699 1829 2768 assidue
1852 2701 2068 2770 decumbens
2102 2702 2259 2791 amplius

1272 2798 1442 2869 trimestri
1460 2799 1498 2867 in
1514 2799 1619 2868 exilio
1642 2799 1810 2890 paulatim
1829 2803 2021 2870 contabuit.
2071 2799 2168 2870 Toto
2192 2827 2258 2870 au-

1273 2913 1343 2970 tem
1367 2901 1482 2968 morbi
1505 2913 1662 2990 tempore
1683 2923 1719 2968 se
1740 2900 1851 2990 ipsam
1874 2903 2059 2970 consolans
2083 2925 2171 2970 voce
2190 2899 2257 2970 Dei

1273 3001 1498 3086 sustentavit,
1530 3014 1565 3072 et
1585 3001 1790 3070 ardentibus
1812 3001 1903 3070 votis
1925 3003 2098 3093 placidam
2124 3003 2259 3092 migm-

1273 3103 1407 3172 tionem
1422 3125 1463 3171 ex
1476 3095 1542 3170 hac
1557 3125 1765 3172 aerumnosa
1778 3101 1849 3172 vita
1863 3103 2015 3194 optavit,
2028 3125 2132 3192 saepe
2149 3103 2259 3173 etiarn

1274 3198 1467 3272 Ecclesiam
1493 3216 1528 3272 et
1554 3201 1686 3272 liberos
1707 3225 1790 3272 suos
1810 3199 1886 3274 Deo
1908 3205 2189 3292 commendavit,
2224 3221 2258 3274 et

1274 3317 1414 3396 precata
1431 3317 1502 3388 est,
1523 3319 1564 3374 ut
1583 3301 1717 3395 puritas
1734 3303 1933 3387 doctrinae,
1959 3329 2065 3398 quam
2080 3301 2179 3372 Deus
2195 3327 2259 3394 per

1275 3403 1393 3473 mariti
1415 3427 1535 3473 vocem
1560 3400 1642 3474 huic
1665 3419 1859 3493 postremae
1882 3411 1984 3476 aetati
2001 3405 2176 3490 reddidit,
2201 3407 2259 3474 in-

1275 3517 1439 3594 corrupta
1455 3505 1500 3574 ad
1517 3519 1674 3595 posteros
1689 3504 1880 3576 transmitti
1898 3507 2019 3596 possit.

1375 3601 1423 3676 Ei
1435 3607 1543 3674 funus
1560 3606 1618 3676 liet
1633 3601 1738 3674 hodia
1753 3601 1839 3678 hora
1855 3607 1968 3675 tertia.
2019 3605 2176 3675 Petimus
2191 3608 2258 3698 igi-

1275 3719 1353 3791 tur,
1378 3719 1420 3777 ut
1434 3706 1617 3776 auditores
1633 3707 1746 3775 nostri
1768 3707 1981 3776 conveniant
1997 3708 2040 3775 ad
2061 3703 2258 3797 hospitium

1275 3809 1404 3898 ipsius,
1430 3809 1526 3900 quod
1551 3807 1663 3878 estin
1686 3809 1843 3896 proxima
1869 3809 2001 3898 platea,
2029 3831 2097 3900 qua
2112 3809 2190 3877 itur
2213 3811 2259 3876 ad

1275 3931 1410 3992 arcem,
1435 3923 1470 3977 et
1493 3903 1561 3978 hoc
1581 3921 1796 4000 postrenmm
1820 3909 1974 3978 officium
1998 3921 2175 3998 praestent
2190 3903 2258 3977 bo-

1275 4021 1395 4078 nestae
1428 4023 1627 4090 matronae,
1658 4021 1698 4079 ut
1730 4021 1920 4094 testentur,
1954 4033 1992 4078 se
2023 4009 2260 4096 magnifacere

1276 4109 1386 4204 ipsius
1402 4111 1530 4180 viduae
1546 4110 1725 4201 pietatem,
1749 4133 1840 4203 quae
1851 4113 1986 4199 egregia
2002 4111 2040 4178 ίιι
2056 4133 2095 4178 ea
2110 4111 2203 4179 luxit
2217 4111 2260 4178 ίιι

1275 4224 1348 4281 tota
1364 4212 1454 4292 vita,
1488 4225 1522 4282 et
1543 4207 1784 4303 orphanorum
1807 4213 2012 4300 gravissimo
2034 4211 2131 4280 luctu
2151 4208 2261 4294 affici,

1277 4327 1311 4384 et
1340 4335 1514 4380 memores
1538 4335 1611 4380 esse
1641 4313 1848 4382 meritorum
1879 4311 2006 4402 patris,
2038 4307 2130 4380 Dom
2149 4309 2261 4381 Doct.

1254 4415 1255 4418 ’
1276 4405 1617 4482 MartiniLulheri
1631 4413 1707 4503 piae
1721 4413 1922 4497 memoriae,
1944 4435 2033 4506 qnae
2047 4425 2140 4482 tanta
2159 4427 2261 4497 sunt,

1277 4530 1317 4586 ut
1343 4537 1383 4582 ea
1403 4515 1503 4582 nulla
1523 4536 1591 4582 vox
1613 4513 1791 4583 celebrare
1812 4512 1895 4584 satis
1925 4509 1989 4604 pro
2010 4513 2262 4602 magnitudine

1278 4613 1406 4708 possit,
1430 4627 1464 4684 et
1479 4613 1586 4684 §mul
1600 4637 1719 4704 preces
1734 4610 1968 4703 coniungant,
1993 4627 2130 4684 orantes
2137 4609 2261 4682 Deum

1277 4727 1459 4787 aeternum
1490 4729 1623 4806 patrem
1655 4711 1759 4786 Dum.
1790 4719 1907 4785 nostri
1927 4715 2005 4784 lesu
2028 4711 2182 4794 Christi,
2220 4731 2263 4785 ιιι

1276 4815 1463 4906 Evangelii
1478 4817 1613 4900 lucem,
1638 4839 1745 4910 quarn
1763 4839 1827 4906 peu
1840 4811 1935 4886 huno
1950 4817 2066 4886 virum
2084 4815 2264 4886 imrnensa

1277 4919 1437 4988 bonitate
1454 4919 1571 4985 denuo
1586 4911 1651 4986 hac
1667 4932 1839 5008 postrema
1855 4929 1965 4986 aetate
1982 4915 2108 4983 mundi
2129 4937 2263 4986 accen-

1278 5020 1351 5101 dit,
1375 5041 1501 5109 puram
1524 5031 1721 5100 conservet,
1747 5031 1781 5086 et
1807 5018 1882 5086 eins
1901 5017 2199 5086 fidelesdoctores
2225 5033 2264 5089 et

1276 5117 1525 5212 propagatores
1539 5132 1679 5188 tueatur
1693 5141 1733 5187 ae
1746 5132 1860 5207 regat,
1884 5130 1918 5186 et
1931 5115 2075 5208 politiae
2086 5128 2265 5206 protegat,

1278 5217 1541 5313 quaeEcclesiis
1564 5233 1598 5289 et
1615 5214 1747 5287 scholis
1770 5213 1919 5308 hospitia
1940 5217 2135 5318 mediocria
2153 5241 2265 5306 prae-

1279 5324 1374 5395 bent.
1426 5321 1564 5408 Torgae
1578 5320 1637 5390 die
1653 5315 1813 5396 Thomas
1829 5315 1990 5412 ’Apostoli
2005 5339 2099 5388 anno
2119 5318 2236 5393 1552.
