4658 5818
222 235 298 318 oss
447 173 450 178 ⁵
789 219 1225 304 urrsronssuu
1275 225 1493 313 cnunc
1546 227 1679 308 ress.
2193 233 2262 310 aas

419 401 476 480 D.
500 395 720 476 Iohanni
740 390 1018 476 Matthesio

223 542 271 635 S.
291 553 351 629 D?
384 549 593 628 Reverendo
616 549 672 618 vir
696 561 731 620 et
754 543 959 618 charissime
980 547 1107 634 frater,
1140 539 1220 616 Etsi

224 655 340 734 sdhuc
356 679 458 748 spero
474 667 508 723 et
524 666 608 744 opto
623 651 816 722 adventum
839 662 957 719 tuum:
983 661 1103 720 tanmn
1123 670 1220 716 nsrnc

224 765 269 836 sd
286 775 321 832 te
339 757 454 827 scribo
478 769 623 846 propter
641 748 739 822 hunc
762 751 1009 835 tabellarium,
1033 761 1218 840 cognatum

223 842 343 935 meum
356 851 415 930 M
411 849 571 927 atlhiom
588 845 795 938 Radiond,
819 865 943 922 natum
958 853 996 921 in
1012 875 1090 920 mea
1106 849 1219 942 patria

225 991 267 1047 ex
280 964 351 1034 [ilia
368 961 439 1030 mei
454 955 644 1042 avunculi,
669 968 831 1048 parentes
844 949 1011 1026 honestos
1024 948 1164 1036 habuit,
1188 965 1221 1018 et

225 1064 333 1140 frater
346 1063 424 1132 eius
435 1062 474 1128 in
486 1059 603 1128 vicino
618 1057 750 1148 oppido
765 1080 863 1125 meae
877 1056 1010 1148 patriae
1026 1055 1221 1147 praelectu-

226 1193 303 1240 ram
320 1177 427 1238 tenet.
466 1157 536 1230 Hic
553 1149 752 1230 Matthias
767 1157 883 1230 studio
898 1156 1221 1248 peregrinationum

227 1269 326 1342 venit
349 1268 388 1335 in
406 1255 617 1346 Andriam,
648 1273 682 1330 et
702 1283 810 1330 manu
833 1283 873 1330 ac
898 1257 1041 1350 ingenio
1067 1258 1110 1326 ad
1137 1253 1222 1324 scri·
1316 1306 1320 1314 Δ

229 1373 388 1442 bendum
414 1365 563 1434 idoneus
584 1374 654 1447 est,
678 1361 718 1430 iu
745 1353 899 1430 Austria
915 1361 1014 1430 ‚infra
1036 1353 1222 1434 Viennam

229 1473 326 1565 apud
339 1467 557 1538 Praefectum
571 1463 704 1534 scribae
720 1487 865 1532 munere
881 1465 1023 1534 functus
1038 1471 1100 1530 est.
1138 1457 1222 1525 Val-

231 1575 276 1644 de
297 1585 331 1644 te
352 1593 437 1651 oro,
468 1579 510 1636 ut
529 1565 566 1635 ei
587 1589 734 1658 quaeras
754 1563 971 1650 Dominum,
1003 1561 1068 1634 ubi
1090 1559 1224 1629 scribae

231 1673 348 1746 officio
362 1672 543 1756 fungatur.
582 1665 688 1736 Pater
702 1666 759 1734 vir
773 1667 889 1755 gravis
903 1665 984 1751 fuit,
1005 1675 1118 1733 mater
1133 1674 1224 1730 easta

232 1789 268 1848 st
281 1769 540 1844 modestissima
553 1767 682 1838 mulier
697 1767 776 1840 luit.
819 1764 873 1837 Ac
888 1768 1029 1836 videtur
1044 1761 1225 1852 ingenium

232 1879 368 1948 bonnm
383 1873 423 1940 in
437 1865 507 1938 hoc
522 1868 598 1962 ipso
614 1867 742 1938 iuvene
757 1889 840 1937 esse.
888 1868 1000 1960 Spero
1017 1867 1125 1953 igitur
1137 1865 1226 1932 bene

233 1979 468 2048 collocaturus
497 1993 570 2039 esse
591 1969 801 2040 beneficium
828 1991 903 2054 eos,
935 1969 997 2063 qui
1024 1967 1058 2036 ei
1085 1965 1227 2034 beneia-

235 2065 352 2161 ciunt,
384 2089 488 2165 teque
510 2094 633 2142 rursus
657 2094 740 2154 oro,
770 2083 811 2140 ut
835 2095 915 2140 eum
939 2068 1086 2140 consilio
1109 2081 1171 2136 tuo
1196 2079 1225 2131 et

234 2179 441 2250 auctoritate
457 2173 566 2241 iuves.
593 2169 702 2242 'Bene
718 2185 750 2240 ct
763 2171 911 2241 feliciter
926 2173 1017 2257 vale,
1040 2170 1099 2238 die
1115 2171 1151 2242 5.
1166 2163 1228 2236 lu-

235 2279 299 2352 nii.
353 2275 462 2348 Anno
481 2271 594 2346 1551:

537 2807 589 2895 fi.
613 2805 939 2893 Baohiolzero.

308 2995 328 3064 ψ
348 2988 386 3045 ιε,
400 2982 536 3064 ,pagara
557 2980 620 3040 eoa.
632 2977 719 3034 eoo.
736 2979 775 3034 o.
791 2977 823 3036 1.
836 2976 896 3032 so.

240 3137 446 3238 Georgia
480 3124 829 3211 Boethotzero,
867 3121 1021 3200 Pastori
1047 3121 1236 3200 Ecclesiae

617 3227 862 3306 Beriiaensis.

241 3377 294 3470 S.
318 3390 364 3465 D.
411 3385 504 3460 Cum
518 3385 656 3454 ederem
673 3381 801 3450 latinas
817 3379 970 3470 pagellas
985 3379 1028 3448 de
1043 3379 1153 3467 figura
1170 3379 1235 3446 do·

240 3495 334 3568 mini
358 3489 472 3562 nostri
501 3483 581 3556 lesu
601 3477 753 3567 Christi,
787 3495 821 3550 et
849 3481 892 3550 de
918 3480 1041 3548 matris
1068 3478 1236 3569 ligura¹),

242 3597 405 3668 volebam
421 3591 550 3660 addere
566 3607 722 3676 graecas,
748 3583 832 3675 quia
847 3581 887 3650 in
900 3581 1061 3652 fontibus
1075 3580 1236 3672 proprie·

242 3713 296 3772 tas
309 3696 422 3766 maior
438 3705 506 3778 est;
532 3689 592 3758 scd
609 3679 819 3779 typographi
833 3683 1010 3757 insulsitas
1026 3681 1238 3773 impediebat

241 3821 322 3874 nos.
376 3793 502 3884 Cogito
531 3805 667 3870 tamen,
698 3787 728 3856 si
758 3785 901 3877 quando
928 3807 1050 3864 rursus
1080 3785 1239 3866 edentur,

243 3902 374 3976 addere
397 3915 536 3985 graecas
553 3889 716 3982 pagellas.
771 3885 893 3956 Vestra
915 3885 1113 3974 germanica
1128 3883 1239 3954 inter-

244 3999 396 4094 pretatio
413 3989 502 4064 mihi
518 3995 607 4062 bene
626 3990 748 4082 placet.
789 3983 906 4074 ¹Oculi
928 3981 1090 4082 χαροποὶ
1107 4009 1171 4052 nec
1188 3985 1238 4053 la-

244 4103 321 4177 tine
356 4121 421 4166 nee
459 4091 656 4184 germanice
692 4089 775 4158 satis
812 4089 993 4180 perspicue
1030 4088 1238 4159 redduntur.

248 4202 342 4275 Sunt
364 4209 480 4268 autem
497 4191 630 4262 similes
646 4191 791 4260 leonum
809 4203 842 4258 et
857 4190 1101 4259 columbarum
1119 4188 1241 4257 oculis.

249 4303 333 4377 ldeo
351 4302 389 4370 in
407 4319 484 4368 mea
502 4293 662 4364 versione
686 4313 847 4376 graecum
865 4289 1076 4360 vocabulum
1097 4288 1240 4360 retinui.

249 4400 449 4474 Observavi
462 4411 579 4468 autem
594 4395 631 4462 in
652 4390 774 4461 multis
798 4385 1004 4460 bominibus
1028 4391 1240 4480 singularem

249 4503 383 4594 ingenii
407 4502 479 4568 vim
501 4520 573 4567 esse
596 4496 634 4564 in
656 4495 717 4578 iis,
743 4492 805 4585 qui
823 4485 955 4559 habent
972 4487 1143 4582 charopos
1159 4514 1242 4558 ocu-

250 4607 314 4677 los.
364 4601 418 4672 De
439 4601 548 4689 figura
575 4595 697 4688 capitis
721 4593 826 4664 etiam
848 4592 1000 4663 libenter
1021 4615 1102 4661 cum
1123 4589 1243 4660 amicis

251 4709 479 4799 disputarem.
536 4696 626 4772 Nam
655 4719 775 4787 graece
805 4705 857 4764 est
885 4693 1123 4780 vocabulum„
1148 4693 1265 4785 quod·

132 4885 135 4892 .
251 4811 301 4882 sic
315 4817 416 4878 sonat
434 4799 535 4894 quasi
549 4799 635 4868 velit
651 4798 786 4880 dicere,
808 4819 883 4866 nou
905 4795 1013 4864 fuisse
1036 4807 1141 4886 eaput
1160 4818 1244 4864 acro

252 4912 446 4988 minatum,
473 4922 612 4972 sursum
629 4919 793 4985 vergens,
814 4899 908 4989 quod
933 4895 1105 4986 significat
1126 4889 1243 4964 homi-

253 5035 315 5080 nes
329 5007 518 5078 iracundos
533 5014 567 5070 et
581 4998 793 5070 temerarios.
826 4995 995 5067 Rotunda
1011 4998 1121 5087 figura
1136 4995 1245 5086 signi-

254 5111 334 5180 ficat
360 5107 561 5198 ingeniosos
590 5102 650 5170 sed
680 5111 822 5168 astutos.
883 5096 1030 5170 Utinam
1057 5116 1177 5168 coram
1201 5099 1245 5166 de

250 5347 256 5354 Ι
293 5331 1108 5450 l)Vid.epodDucembignieeusdddfliApi.1551:
1143 5336 1170 5422 1ι·

1272 427 1412 496 graeca,
1437 420 1472 478 et
1494 405 1604 478 latins
1627 417 1661 477 et
1685 405 1886 496 germanica
1913 398 2129 506 disserere')
2149 429 2262 500 posss-
2317 449 2318 460 κ

1274 530 1363 576 mus.
1408 503 1567 580 Remitto
1584 521 1735 578 vestram
1750 531 1910 594 manum,
1935 509 2017 602 quia
2036 533 2109 579 non
2127 509 2261 602 scripsi·
2317 513 2318 588 ζ

1273 609 1317 678 sti
1335 632 1381 678 an
1396 603 1455 681 hic
1472 609 1596 680 excudi
1612 602 1740 682 velitis.
1779 605 1822 680 Si
1833 611 2019 682 volueritis
2031 610 2166 694 excudi,
2189 636 2261 682 cum
2317 663 2318 668 κ

1274 710 1396 780 amicis
1412 713 1455 780 de
1472 709 1800 803 utraque-emittm
1812 735 1937 794 rursm
1947 713 2146 802 disputabo.
2173 710 2260 806 Bene

1275 812 1417 908 valete„
1448 811 1519 884 Die
1550 815 1585 886 9.
1610 809 1718 886 lunii.
1778 809 1866 882 Mox
1890 809 2048 884 exhibito
2074 815 2262 901 epistolam,

1274 929 1380 1006 quam
1403 903 1670 1006 inscripsi'Viro
1693 913 1826 988 clariss.
1849 913 1894 987 D.
1906 909 2053 984 Doctbrl
2068 907 2262 984 Meleisiori

1274 1011 1422 1110 Kling,
1446 1017 1530 1110 quia
1547 1033 1602 1086 res
1619 1015 1739 1106 magni
1755 1017 1926 1088 momenti
1944 1031 2005 1090 est.

1793 1119 1981 1218 Philippus
1996 1119 2219 1200 Melanthou.

1278 1460 1344 1536 No.
1360 1458 1474 1536 49⁰7.

1283 1557 1495 1596 Μ

2093 1468 2144 1530 dle
2164 1474 2259 1534 solstit.

2093 1559 2255 1588 Μ

1551 1639 1602 1728 G.
1631 1641 2007 1730 Camaserstodia.

1348 1814 1434 1890 epae.
1446 1818 1494 1873 us.
1509 1817 1545 1873 u.
1558 1838 1585 1891 p.
1598 1815 1659 1874 sse.
1678 1817 1732 1886 aa.
1748 1815 1837 1879 rona.
1848 1815 1895 1872 aas.
1912 1817 1949 1873 n.
1963 1838 2005 1890 ep.
2017 1818 2100 1890 sess

1449 1971 1504 2051 D.
1534 1969 1737 2070 Georgia
1763 1967 2097 2047 Comerseadto

1282 2109 1332 2194 S.
1358 2119 1403 2196 D.
1454 2121 1643 2212 Magnifice
1663 2121 1719 2190 vir
1740 2135 1776 2192 et
1794 2136 1942 2214 patrone
1964 2121 2130 2210 colende,
2155 2123 2264 2214 Signi-

1284 2225 1398 2296 ficavit
1421 2219 1511 2294 mihi
1532 2215 1790 2309 Conserarios,
1823 2225 2025 2291 addendum
2048 2249 2121 2293 esse
2144 2231 2264 2318 scripto

1284 2340 1404 2398 nostro
1427 2323 1630 2396 Articulum
1653 2327 1698 2396 de
1719 2325 1831 2393 forma
1855 2337 2012 2394 veterum
2035 2323 2267 2416 Collegiorum

1286 2427 1564 2520 Episcopalium,
1590 2427 1628 2494 in
1646 2427 1773 2520 quade
1796 2425 2061 2494 conservatione
2078 2429 2268 2498 ordinatio-

1285 2531 1357 2614 nis,
1383 2543 1417 2600 et
1438 2527 1655 2614 examinum,
1690 2527 1774 2596 item
1795 2525 2007 2594 visitationis
2025 2525 2267 2614 Ecclesiarum‚

1225 2673 1230 2683 ·
1285 2633 1376 2702 etde
1390 2627 1629 2710 Consistoriis,
1647 2627 1758 2697 multa
1774 2621 2019 2696 honestissime
2034 2629 2105 2698 dici
2119 2643 2270 2721 possunt.

1285 2729 1392 2821 Coepi
1412 2729 1522 2820 igitur
1538 2743 1571 2799 et
1585 2723 1681 2798 hunc
1698 2727 1887 2798 articulum
1905 2727 2135 2802 conscribere.
2175 2729 2269 2802 Nunc

1288 2831 1354 2903 hoc
1377 2832 1546 2922 significo.
1597 2827 1765 2902 Discessit
1781 2852 1821 2896 ex
1840 2823 1904 2897 hac
1920 2825 2111 2914 Academia
2135 2831 2175 2900 in
2192 2829 2269 2902 Da-

1287 2931 1389 3004 niam
1412 2957 1516 3002 senex
1535 2923 1719 3024 Georgius
1742 2923 1954 3012 Rorarius,
1987 2930 2049 3022 qui
2074 2927 2202 3002 habuit
2216 2959 2270 3002 ass·

1288 3058 1366 3106 reos
1380 3033 1556 3124 sexaginta
1570 3057 1611 3100 ex
1625 3032 1775 3122 pecunia
1790 3029 2061 3120 stipendiorum.
2114 3030 2166 3100 lli
2185 3059 2271 3103 sera-

1288 3138 1383 3228 ginta
1407 3133 1590 3206 transferri
1619 3157 1714 3202 nunc
1737 3143 1884 3224 possunt
1906 3131 2035 3221 partim
2060 3133 2105 3202 ad
2128 3135 2272 3204 clarissi-

1290 3261 1386 3308 mum
1404 3237 1520 3304 virum
1533 3232 1576 3304 D.
1594 3231 1782 3302 Ductorem
1797 3225 2064 3314 Laurentium,
2087 3237 2217 3328 partim
2232 3237 2270 3303 ad

1289 3337 1333 3408 D.
1359 3331 1558 3428 Georgium
1585 3327 1821 3418 Cracorium,
1853 3355 2020 3421 generum
2043 3331 2088 3406 D.
2110 3329 2272 3404 Pastoris

1290 3439 1452 3508 Doctoris
1468 3431 1676 3504 Pomerani.
1729 3433 1868 3522 Quaeso
1884 3448 1923 3502 ut
1939 3435 2014 3502 seni
2032 3427 2189 3512 Pastori
2206 3463 2273 3527 gra·

1290 3539 1484 3624 tificemini,
1511 3539 1572 3631 qui
1591 3539 1806 3606 voluntatem
1824 3529 1928 3604 habet
1946 3527 2143 3620 honestam,
2168 3555 2204 3608 et
2219 3563 2272 3606 ne·
2316 3563 2317 3568 ¹

1290 3665 1466 3735 quaquam
1487 3639 1701 3712 seditiosam.
1751 3633 1799 3708 Et
1825 3635 1958 3726 inipso
1982 3623 2160 3706 Cracovio
2185 3641 2274 3728 inge-
2316 3665 2317 3728 1

1292 3744 1391 3812 nium
1407 3755 1457 3810 est
1473 3741 1663 3829 excellens,
1687 3739 1782 3832 quod
1798 3733 1966 3828 Reipubl.
1988 3738 2184 3830 aliquando
2204 3740 2273 3810 usui

1292 3867 1363 3912 esse
1380 3843 1516 3935 poterit.
1569 3839 1658 3910 Nam
1674 3835 2071 3938 praeclareproficitin
2090 3841 2274 3934 studiolp-
2316 3869 2317 3908 t

1292 3948 1353 4035 ris,
1376 3959 1409 4014 et
1422 3945 1510 4012 alios
1526 3943 1674 4011 feliciter
1689 3945 1801 4012 docet.
1835 3935 1932 4006 Bene
1949 3951 1983 4007 et
1996 3940 2149 4011 feliciter
2163 3945 2274 4014 valete.
2316 3943 2317 3994 l

1291 4043 1359 4118 Die
1373 4043 1526 4136 Solstitii
1539 4043 1682 4134 aestivi,
1707 4039 1814 4139 Anno
1832 4035 1942 4134 1551.
2316 4041 2317 4066 ⁴

1307 4401 1374 4476 No.
1391 4401 1502 4504 4908.
1837 4415 1880 4477 16
1907 4403 1976 4472 luu.
1990 4405 2264 4486 (Sonnenwsldcs.)

1434 4627 1438 4638 ·
1529 4581 1539 4594 ’
1579 4591 1647 4676 Μ.
1674 4589 2011 4702 Meiendorgio.

1299 4735 1304 4745 ’
1395 4745 1481 4822 Epist.
1496 4745 1542 4802 lib.
1551 4743 1584 4802 V.
1604 4763 1632 4816 p.
1648 4747 1749 4820 sstsq.
1765 4717 1782 4817 ,Ι
1879 4815 1882 4823 .

1312 4869 1814 4984 MisissMeienbargio,
1840 4875 2261 4966 ConsuIiNorthusono.

1298 5023 1346 5111 S.
1371 5039 1414 5110 D.
1472 5035 1727 5108 Honestissime
1757 5037 1833 5121 vir,
1871 5049 1909 5108 et
1942 5035 2099 5110 Patrone
2131 5041 2278 5112 colende.

1298 5139 1534 5239 Respondebo
1560 5138 1769 5249 copiosius,
1792 5161 1872 5208 cum
1899 5139 2023 5210 redibo
2053 5144 2217 5230 domum,
2245 5165 2277 5210 re

1332 5373 1364 5448 2)
1383 5377 1537 5442 disserere]
1553 5330 1648 5448 scripsi
1667 5391 1717 5448 pro
1734 5352 1912 5430 disseremus
