4684 5802
207 247 302 320 1111
417 347 420 354 .
773 231 1208 316 netsrocsuuu
1262 231 1473 310 nmen.
1527 235 1662 338 csse.
2116 252 2241 324 ‚1112

211 409 605 492 IacobusRulidtius:
638 415 696 484 sed
715 437 793 484 cum
810 413 944 484 tardior
961 425 1047 482 esset
1062 402 1202 490 Petrus,
1254 405 1375 490 terias,
1408 408 1452 474 de
1474 405 1604 500 quibus
1625 409 1857 489 libentissime
1881 425 1996 488 lecum
2021 431 2057 490 et
2077 443 2160 492 cum
2181 421 2261 492 aliis

213 523 347 594 diutius
371 516 437 590 hos
458 521 609 590 retinere
630 517 743 590 nolui.
792 515 896 586 Nunc
913 537 972 584 eos
986 511 1202 604 amplissimo
1254 507 1358 576 bunis
1382 521 1418 576 et
1441 509 1554 578 doctis
1570 509 1667 581 Viris
1688 515 1889 609 colloquor,
1913 519 2080 592 videlicet
2097 522 2260 614 disputa·

214 621 360 696 Senatui
376 636 409 692 et
423 622 486 692 tibi
503 620 723 694 commendo.
768 616 849 688 Scio
868 617 1203 686 modestosetrecte
1256 611 1370 678 tiones
1398 609 1442 678 de
1469 611 1651 686 doctrinis.
1719 612 1809 686 Nam
1840 619 1885 688 de
1915 621 2132 692 stultissimis
2156 624 2260 694 bellis

215 725 371 794 eruditos
389 746 473 794 esse.
524 721 593 792 Sed
612 743 673 790 vos
689 742 746 788 eos
763 719 932 801 audietis,
955 733 990 788 et
1003 713 1202 786 iudicabitis
1257 708 1482 798 Principum,
1511 725 1546 780 et
1565 715 1610 782 de
1626 715 1764 786 rabiosa
1783 716 1989 815 φιλονεικίᾳ
2007 724 2207 794 rixantium
2223 726 2261 795 in

213 849 260 896 an
275 826 313 894 in
328 825 453 896 vestris
466 819 632 894 Ecclesiis
648 821 727 892 usui
746 842 818 888 esse
836 820 980 908 possint.
1018 814 1205 886 Mittotibi
1256 809 1422 880 Ecclesiis
1447 836 1520 880 non
1542 812 1810 886 libetscribere.
1860 815 1899 889 Τ
1898 823 1978 892 urci
1992 849 2114 894 recens
2130 829 2259 896 urbem
2336 839 2337 920 j

214 928 346 998 librum
367 927 411 996 de
434 925 646 996 doctrinaet
670 911 1204 1008 ritibusinEcclesiisMegal·
1258 905 1471 980 Ραηηθηῖθῖ
1490 915 1608 1000 “gnis
1639 919 1698 988 Sed
1718 912 1999 1010 Gssfmflnlfflms
2023 921 2176 1000 ΝΟΜ
2190 924 2261 998 ⁸5⁰·
2336 931 2337 940 ἵ

215 1022 484 1120 burgensibus
510 1028 639 1118 inquo
661 1021 857 1092 doctrinam
880 1021 1017 1090 recitari
1043 1019 1203 1088 recteiu-
1259 1009 1350 1080 lium
1375 1013 1448 1101 igni
1470 1014 1696 1098 deleverunt,
1728 1036 1828 1112 capta
1844 1024 1958 1094 vicina
1975 1051 2064 1098 arce.
2117 1027 2262 1100 Interea
2336 1003 2337 1040 ¹

216 1129 316 1213 dico,
347 1153 437 1222 quac
460 1129 593 1218 ubique
614 1125 733 1194 eadem
757 1147 829 1192 esse
851 1125 965 1220 debet,
1023 1121 1093 1192 Sed
1116 1119 1206 1188 ritus
1258 1113 1372 1202 Reges
1389 1115 1535 1198 ludunt,
1560 1131 1594 1186 et
1611 1117 1794 1212 Principes
1811 1141 1955 1197 movent
1969 1130 2184 1200 domesticos
2204 1144 2262 1200 tu·
2336 1179 2337 1234 p

214 1226 391 1302 humanos
404 1253 478 1298 uon
495 1251 634 1296 necesse
649 1240 699 1295 est
715 1225 846 1294 similes
861 1207 944 1298 ess'c.
980 1221 1089 1293 Dece
1107 1233 1205 1311 parte
1259 1217 1402 1284 multus.
1468 1211 1702 1288 Isenssceml's
1735 1245 1840 1294 senex
1866 1221 2263 1320 ffillem'uspraedi1il

215 1333 317 1402 vobis
341 1331 611 1400 deliberandum
637 1327 723 1410 erit,
753 1339 788 1396 et
810 1349 874 1396 oro
897 1325 1029 1408 Deum,
1069 1337 1109 1392 ut
1130 1347 1205 1391 cam
1260 1311 1854 1416 'stercusGermanioexetllaliac
1874 1329 2040 1402 dominos
2061 1335 2140 1402 lore
2161 1357 2259 1404 anno

216 1432 505 1504 deliberationem
526 1442 632 1519 regat.
680 1426 778 1498 Bene
797 1427 884 1500 vale.
935 1424 1003 1496 Die
1020 1418 1158 1498 Lucus.
1262 1417 1372 1489 1600.
1422 1416 1538 1489 Huius
1562 1422 1631 1490 viri
1653 1425 1831 1495 vaticiniis
1853 1429 1932 1497 aliis
1954 1457 2262 1528 quoquerespon·

1116 1534 1120 1543 ’
1260 1519 1389 1589 derunt
1411 1533 1568 1591 eventus.
1619 1520 1663 1592 ln
1678 1521 1846 1598 Ecclesiis
1871 1555 1956 1600 vero
1980 1533 2176 1624 impeditur
2199 1562 2262 1606 ex·
2336 1523 2337 1604 l

1262 1620 1403 1708 plicatio
1425 1645 1545 1690 rerum
1565 1627 1838 1700 necessariarum
1861 1631 1941 1700 aliis
1956 1633 2147 1706 inutilibus
2163 1639 2261 1712 rixis.
2336 1649 2337 1686 i

1041 1793 1083 1854 ¹8
1111 1783 1172 1848 Oct
1262 1719 1457 1811 lmpeditur
1478 1737 1512 1792 et
1533 1724 1742 1816 disciplina,
1774 1745 1808 1801 et
1831 1733 1982 1803 subinde
1998 1737 2089 1806 fiunt
2104 1741 2260 1809 maiores

1029 1833 1200 1906 ὦ
1260 1823 1538 1897 dilacerationes.
1588 1823 1685 1896 Haec
1709 1831 1800 1900 mala
1824 1835 2119 1922 cogitansdolore
2135 1855 2259 1910 conta·
2336 1839 2337 1894 7

1044 1938 1047 1944 ·
1260 1924 1374 1995 besco.
1426 1919 1504 1993 Oro
1521 1937 1637 1996 aulem
1654 1927 1785 1999 Filium
1802 1930 1869 2002 Dei
1885 1933 2080 2007 Dominum
2095 1958 2259 2013 nostrum

1262 2021 1376 2092 lesum
1391 2019 1574 2095 Christum
1597 2032 1801 2101 crucifixum
1822 2039 2022 2131 pronubis,
2052 2055 2087 2110 et
2102 2045 2255 2113 resusci-

1207 2185 1221 2210 ,
1261 2139 1389 2209 tatum,
1418 2137 1458 2198 ut
1474 2127 1647 2220 reliquias
1661 2127 1838 2204 Ecclesiae
1860 2152 1992 2224 servet,
2018 2155 2052 2212 et
2068 2167 2134 2212 nos
2148 2159 2257 2236 regat.

1261 2225 1386 2297 Studia
1402 2222 1460 2296 hie
1476 2227 1542 2298 Dei
1557 2231 1727 2302 beneficio
1742 2238 1932 2308 mediocria
1950 2255 2053 2328 mint,
2078 2259 2120 2316 ut
2133 2269 2173 2313 ex
2191 2271 2255 2336 pa·

1260 2329 1379 2418 gellis,
1416 2353 1503 2420 quas
1528 2331 1648 2417 mitto,
1679 2335 1865 2429 intelliges.
1929 2339 2028 2414 Bene
2050 2360 2084 2416 et
2106 2347 2258 2417 feliciter
2336 2379 2337 2386 ¹

228 1783 293 1854 No.
309 1781 422 1860 5240.

222 1881 433 1920 m

549 1983 609 2070 D.
636 1981 872 2098 Chytroco.

282 2155 334 2224 (En
352 2155 449 2216 David.
467 2157 594 2228 belraei
612 2157 731 2227 epistolis
748 2175 776 2228 p.
793 2156 885 2226 tato.)

432 2307 614 2383 Davidr'
637 2305 868 2406 Chylraco
889 2311 927 2384 S.
946 2313 994 2386 D.

215 2447 410 2535 carissime
425 2459 554 2534 David.
595 2459 644 2531 Ut
656 2458 742 2555 Cyri
756 2461 870 2530 edicto
889 2457 1103 2529 instauratio
1117 2472 1207 2528 tem-

215 2563 267 2654 pli
283 2566 448 2635 mandata
463 2577 532 2649 est,
556 2562 616 2646 ita,
640 2586 735 2630 nunc
751 2561 894 2655 quidem
909 2557 1108 2650 Augustae,
1129 2547 1207 2628 Ca-

217 2659 423 2755 roluslmp.
441 2663 630 2747 concessit,
653 2659 827 2732 Ecclesias
845 2663 884 2730 in
901 2685 940 2731 ea
957 2661 1045 2732 urbe
1061 2663 1104 2730 ad
1121 2684 1208 2731 nor-

216 2789 310 2834 mam
329 2765 568 2838 Conlessionis
585 2759 829 2854 Augusteum,
860 2764 911 2832 sic
931 2762 1136 2848 nominant,
1167 2775 1207 2832 ut

215 2867 302 2952 scis,
327 2864 555 2951 saxonicam,
578 2865 757 2940 constitui.
808 2861 957 2958 Scripsit
972 2865 1079 2954 igitur
1090 2866 1136 2934 ad
1150 2888 1206 2934 me

215 2967 386 3053 Senatus,
415 2981 456 3038 ut
476 2963 637 3036 homines
658 2971 702 3036 ad
726 2968 921 3039 docendam
937 2955 1207 3062 Evangeliipu·

216 3071 355 3140 ritatem
388 3070 535 3138 idoneos
575 3068 741 3140 indicem.
801 3067 960 3138 Iudicavi
999 3067 1206 3158 praecipuos

216 3167 260 3240 D.
287 3165 519 3241 Victorinum
550 3183 583 3238 ct
608 3183 641 3239 te
656 3163 706 3267 *).
780 3168 949 3244 Nondum
969 3165 1059 3238 mihi
1083 3169 1206 3239 Victo-

216 3271 318 3341 rinus
343 3271 544 3362 respoudit,
578 3271 637 3340 sed
670 3271 829 3364 quotidie
856 3271 976 3342 literas
1004 3272 1050 3340 ab
1083 3295 1123 3339 eo
1147 3294 1206 3340 ex-

214 3385 328 3464 pecto.
390 3371 444 3442 Te
469 3393 617 3464 quaeso,
648 3386 689 3444 ut
714 3374 844 3462 cogites
869 3386 1041 3464 quantum
1068 3373 1205 3453 reserat,

216 3473 320 3557 etiam
345 3471 499 3564 exempli
509 3493 627 3556 causa,
660 3473 758 3564 pium
773 3495 981 3542 consensum
997 3473 1034 3541 in
1050 3469 1205 3542 Ecclesia

214 3574 307 3666 Aug.
323 3575 499 3648 constitui.
550 3571 652 3643 Hanc
672 3587 805 3645 tantam
822 3597 896 3644 rem
912 3575 1081 3664 adiuvare
1097 3589 1132 3644 te
1145 3599 1205 3644 ve-

1261 2429 1348 2498 vale.
1399 2425 1466 2498 Die
1482 2423 1619 2508 Lucae.

2336 2745 2337 2778 l

1916 2882 1972 2944 19-
1989 2876 2062 2946 Ost.
2087 2879 2255 2968 (Targae.)

1898 2971 2261 3018 και-ψη...
2336 2981 2337 3056 p

1534 3053 1602 3140 Μ.
1632 3055 1970 3178 Mct'cnducgiu.

1364 3225 1447 3300 Epist.
1465 3227 1514 3284 lib.
1528 3228 1564 3288 V.
1584 3250 1611 3304 p.
1625 3232 1677 3288 557
1689 3253 1730 3308 sq.

1258 2847 1324 2924 No.
1341 2847 1454 2924 5242.

1265 2945 1436 2978 m

1308 3393 1449 3476 Micia.
1474 3399 1534 3472 M
1537 3403 1825 3506 eienburgr'o,
1849 3405 2206 3500 ConsuliNorlhus.

1259 3531 1307 3618 S.
1339 3545 1384 3622 D.
1442 3548 1698 3626 Honestissime
1726 3557 1800 3642 vir,
1840 3575 1876 3634 et
1905 3567 2014 3637 amice
2038 3565 2256 3648 charissime.

1258 3646 1325 3717 Dei
1348 3651 1516 3722 beneficio
1538 3672 1630 3727 recte
1652 3659 1746 3730 valet
1767 3661 1861 3734 filius
1875 3657 2185 3764 Chrrislophorus,
2219 3693 2254 3750 et
2336 3743 2337 3750 ,

1260 3749 1348 3818 vivit
1369 3755 1463 3842 apud
1485 3752 1586 3826 Doct.
1608 3751 1884 3834 Schneidewin
1908 3767 1945 3837 in
1972 3772 2090 3842 vicino
2116 3779 2253 3869 oppido
2336 3789 2337 3862 ζ

1259 3847 1392 3936 Iessea,
1424 3877 1495 3946 quo
1517 3859 1625 3927 etalii
1642 3861 1787 3954 quidam
1802 3865 1953 3938 familias
1966 3893 2047 3942 suas
2061 3881 2254 3950 transtule-

1258 3964 1353 4026 runt.
1403 3949 1481 4024 Oro
1497 3954 1631 4028 Filium
1645 3961 1732 4046 Dei,
1761 3979 1802 4036 ut
1822 3971 1995 4043 custodiat
2011 3987 2045 4044 et
2059 3994 2174 4050 servet
2188 4006 2253 4052 vos
2336 4041 2337 4048 .

1259 4066 1292 4120 et
1314 4066 1446 4124 vestros
1468 4081 1601 4134 omnes.
1654 4059 1804 4156 Scripsit
1819 4071 1863 4138 ad
1879 4095 1934 4139 me
1948 4067 2135 4150 Nicolaus
2149 4077 2252 4152 Bro-

1257 4151 1370 4239 mius,
1400 4179 1462 4225 vos
1484 4173 1642 4250 expetere
1663 4167 1879 4260 colloquium
1903 4197 2032 4247 meum.
2083 4179 2255 4254 Libenter

1257 4257 1301 4323 ad
1325 4279 1385 4324 vos
1399 4255 1630 4331 Northusiam
1653 4269 1834 4356 accedam,
1865 4286 1905 4344 ut
1923 4288 1957 4344 et
1977 4277 2042 4346 lilii
2058 4285 2174 4354 studia
2193 4289 2252 4356 in-

1257 4357 1411 4446 spiciam.
1461 4359 1534 4430 Nec
1557 4363 1650 4432 enim
1675 4381 1780 4438 erunt
1800 4390 1920 4463 aspera
1938 4375 2069 4464 frigora
2091 4399 2173 4456 ante
2195 4387 2253 4457 la-

1257 4459 1433 4532 nuariurir.
1484 4459 1719 4536 Bella‘adhuc
1735 4470 1773 4537 in
1790 4465 1845 4542 his
1859 4475 2064 4565 regionibus
2081 4478 2148 4556 hac
2163 4483 2251 4584 hyc-

1256 4583 1313 4626 me
1326 4575 1457 4645 metuo,
1483 4587 1564 4632 curn
1578 4579 1647 4636 tres
1661 4592 1807 4658 magnae
1821 4599 1944 4646 causae
1958 4579 2030 4650 sint
2045 4582 2084 4650 in
2102 4609 2252 4682 conspe-

1255 4673 1332 4744 ctu,
1364 4685 1515 4753 quarum
1538 4667 1643 4736 unica
1664 4671 1747 4739 satis
1763 4689 1851 4746 esset
1865 4679 2050 4750 ambitiosa
2066 4693 2250 4764 contentio

242 4717 361 4827 'Epist
374 4717 423 4774 tib.
437 4717 473 4776 ¹¹·
490 4737 519 4790 P·
530 4719 590 4775 519.
608 4719 666 4792 (ed.
679 4719 766 4777 ¹²⁰¹¹‘¹·
778 4721 827 4779 tib.
840 4720 877 4778 st
891 4739 933 4793 Ψ·
945 4721 1028 4796 ⁵4⁵⁴·
1171 4811 1174 4819 .
1255 4763 1298 4830 de
1311 4758 1479 4853 Episcopi
1496 4763 1800 4858 Meideburge'nsis
1814 4779 1961 4854 exuviis.
2012 4775 2249 4862 Oremusau-

1254 4875 1322 4934 tem
1340 4861 1472 4934 Filium
1489 4863 1576 4952 Dei,
1601 4884 1640 4940 ut
1662 4874 1821 4960 publicas
1841 4891 1875 4948 et
1889 4880 2045 4970 privatas
2059 4911 2250 4965 aerumnas

225 4909 229 4921 .
333 4928 336 4938 .
424 4871 985 4956 D.IoachimoMollcro

648 4995 649 4998 π
710 4980 713 4988 ’
1252 4965 1376 5050 leniat,
1411 4981 1555 5060 propter
1568 4963 1818 5047 Ecclesiam'et
1841 4978 2102 5057 institutionem
2121 4993 2248 5068 iuven·

209 5009 256 5097 s·
280 5021 326 5115 D·
364 4998 665 5148 .Cl²{lli⁵lmeyif3
690 5023 1083 5148 elchmsfmeffflef’
1103 5033 1200 5108 scri·
1250 5064 1345 5138 tutis.
1397 5060 1475 5138 Hoc
1499 5082 1656 5160 tempore
1679 5073 1835 5148 retineor
1852 5077 1989 5172 Targae
2032 5111 2072 5156 ro
2115 5117 2133 5162 e
2171 5093 2205 5166 Α

207 5125 327 5250 berem
346 5151 506 5251 5²59&
527 5131 682 5248 silllffrls
699 5131 1198 5224 ⁰⁰¹¹¹912011P⁰⁵⁵0ffl²2⁵¹¹¹³·
1249 5179 1416 5256 gustanpe
1432 5165 1611 5240 Ecclesiae
1635 5177 1785 5264 negotia.
1820 5177 1933 5254 'Bene
1954 5199 1990 5256 et
2005 5105 2163 5265 Iielih'lelr
2187 5123 2249 5268 νζ-

1246 5267 1325 5344 lete.
1377 5269 1444 5342 Die
1462 5269 1520 5344 19.
1534 5268 1717 5349 Octobris.
2058 5299 2060 5302 ’

1681 5425 1687 5435 -
1929 5434 1932 5443 ·
1993 5385 2197 5492 Philippus.

215 3677 291 3746 lim.
342 3673 391 3748 Et
404 3678 472 3746 eris
487 3678 526 3744 in
540 3675 667 3749 Patria.
719 3675 859 3748 Scribes
874 3673 981 3766 igitur
995 3671 1083 3743 mihi
1100 3699 1205 3768 quam

135 3809 141 3825 s
215 3777 369 3866 primum
393 3779 435 3848 de
459 3791 520 3849 tua
536 3779 728 3856 voluntate.
776 3773 983 3864 Beuevale,
1008 3775 1076 3846 Die
1091 3775 1206 3848 Lucae

217 3873 331 4027 hm·
904 3975 1103 4072 Philippus.

178 4369 183 4378 ¹
227 4338 294 4430 No.
307 4337 421 4419 6241.

217 4434 428 4478 Μ

1066 4359 1119 4422 18.
1133 4349 1205 4419 Oet.

1064 4441 1202 4470 Μ

517 4545 668 4634 Ioocle.
692 4545 905 4633 Mullcro.

210 5280 437 5316 ου’-ῧ-Ψυῶ

238 5332 353 5446 epatre.
370 5377 498 5448 sparsa.-
515 5381 544 5442 ιι.
562 5370 589 5438 t.
606 5373 680 5439 eac.
706 5426 711 5434 .
763 5431 768 5443 ,
