4670 5808
80 215 151 288 stt
654 209 1094 290 uatsrouatwta
1145 214 1254 290 ΗΒ.
1280 215 1362 294 llll.
1417 215 1549 296 1551.
2045 218 2119 302 bil

176 380 477 480 benequsqnsm
495 383 575 457 vult
597 398 633 458 te
653 383 693 454 in
717 381 785 458 hoc
807 381 973 458 convivio
997 407 1072 456 esse
1122 389 1188 462 No.
1206 387 1319 464 5009.
2005 402 2040 466 1,
2065 425 2093 468 ,‚

78 481 211 582 κωφὸν
237 481 456 582 npdoemeoa,
470 487 557 558 ‘volt
578 499 613 558 te
634 487 851 578 intelligere,
872 489 961 582 quid
982 509 1071 578 ages,
1131 485 1300 516 *Ν
1848 526 1852 540 .
1896 505 1900 512 ·
1977 495 2117 566 pon-

74 589 153 660 vult
170 588 431 659 adterilidom
448 603 484 659 et
498 588 669 660 laetitiam
684 589 724 658 in
746 603 903 681 pectore,
926 603 1072 660 sterce-
1270 571 1520 685 (Isule'cium
1548 574 1605 659 tle
1635 601 1768 660 saura
1796 573 2002 691 noemia
2076 583 2079 590 ’

76 690 159 808 {¹²¹²
184 691 379 779 &mim
398 691 573 810 ²55⁰¹¹tm
602 704 638 761 θ*
666 690 928 810 ippoearionam
950 715 1015 782 ΡΝ
1038 705 1071 761 1²
1192 729 1301 784 mecum
1320 727 1349 781 in
1364 727 1467 811 conset,
1486 727 1563 783 tasin.
1581 747 1596 783 ι
1614 727 1704 784 aaa
1723 727 2005 802 eata.r.u.p.1ss.
2040 733 2119 788 can-

76 813 174 882 ipso,
203 812 270 882 pto
291 787 472 878 Ecvlettd,
497 815 562 882 pro
587 787 750 882 hosptlttd
771 789 961 865 Ecdeme.
1012 789 1071 862 Ab
1226 797 1275 853 tuli
1292 798 1486 869 apographum
1502 796 1736 878 cod.Goth.212·
1756 798 2068 889 p.68b.„cod3Mehn5
2083 801 2119 866 ll.

74 886 143 962 hoc
167 915 235 962 usu
255 906 429 986 quantum
458 893 577 966 absint
596 893 738 964 venales
769 894 895 964 missae
919 908 953 964 et
983 894 1072 964 aliae
1136 930 1162 988 ¹=
1227 865 1603 990 hiffiuss¹hfiflffiffissffg
1621 866 1732 990 '2¹2‘ss
1747 871 2119 1011 ξξοῗρέῑῶξῶἑξξρυῖο·

74 993 356 1084 profanationes,
381 1017 471 1090 quae
486 1017 561 1064 non
576 994 653 1064 sine
668 994 801 1083 gemitu
823 995 975 1084 cogitare
990 1017 1073 1086 pos-
1227 1001 1426 1058 metasthenis.

74 1117 165 1168 eum.

1123 1151 1266 1232 Contra
1287 1156 1759 1248 transsubstantiationem,
1785 1171 1817 1232 et
1833 1162 1992 1260 quaesit
2009 1152 2118 1260 prae-

180 1193 263 1268 Sint
285 1207 403 1266 autem
423 1195 514 1284 grati
537 1197 675 1267 labores
697 1219 839 1278 eorum,
865 1197 924 1290 qui
949 1219 1071 1266 verum
1212 1260 1219 1278 ‚
1528 1259 1535 1276 ‚
1589 1260 1596 1276 ‚
1815 1261 1821 1282 .
1864 1265 1872 1282 ¹

76 1319 182 1368 usum
205 1297 416 1377 ostendunt,
442 1309 484 1367 ut
504 1297 543 1368 in
566 1293 779 1389 hocscripto
794 1295 970 1388 Georgius
991 1298 1073 1390 plu·
1123 1270 1241 1334 “mm
1266 1257 1907 1451 ’ΜΜΨθ”ῑαιέξῃὲηΐᾷῗςῇαωῧαο
1942 1270 2117 1354 (ῙῐῐθθῐῑΡῒῗο

75 1399 167 1467 rima
190 1397 351 1487 collegit,
377 1421 468 1492 quae
488 1400 669 1487 veritatem
695 1399 875 1470 illustrant
897 1421 1006 1496 eaque
1029 1401 1073 1469 de
1129 1459 1131 1468 .
1235 1463 1242 1482 ,
1499 1459 1510 1488 χ
1581 1469 1598 1486 „
1771 1461 1781 1490 ,

76 1523 115 1569 re
129 1493 298 1570 adhibuit
317 1500 357 1568 in
379 1495 538 1571 historiis
552 1515 587 1572 et
601 1501 813 1571 testimoniis
827 1501 933 1570 fidem
953 1509 1074 1572 heres·
1126 1461 1275 1594 ,ΡΜ
1297 1459 1409 1540 Md·
1429 1489 1512 1560 Περι
1529 1487 1597 1536 Τθυ
1617 1490 1837 1565 μυστηριου.
1867 1471 2044 1557 (lusorrptco
2061 1479 2094 1536 tn

78 1603 210 1670 sariam
229 1601 268 1668 in
285 1601 444 1672 doeeme
1565 1575 1672 1656 Μ’)

182 1699 274 1772 Nam
289 1702 351 1772 alii
366 1700 492 1787 multi,
517 1702 582 1796 qui
595 1702 866 1794 patrocinantur
884 1702 1075 1785 erroribus,
1124 1689 1292 1773 Primum
1306 1697 1678 1774 transsubstantiatio
1690 1727 1811 1773 recens
1821 1705 2012 1795 excogitata
2026 1699 2122 1798 est¹),

77 1816 196 1874 astute
208 1803 430 1874 multa-dicta
442 1803 680 1895 undecunque
691 1817 897 1894 congerunt,
920 1803 1076 1895 plurima
1127 1803 1224 1897 quod
1247 1813 1384 1872 tautum
1406 1803 1598 1874 accidentia
1620 1806 1722 1897 panis
1737 1818 1919 1892 maneant,
1943 1828 2018 1875 uon
2035 1805 2121 1874 suh·

78 1905 331 1996 suppositicia,
356 1925 419 1974 seu
441 1927 483 1974 ex
499 1903 700 1976 recentibus
720 1905 872 1976 indoctis
895 1903 1076 1996 scriptori·
1127 1905 1265 1974 stantia.
1333 1903 1429 1973 Haec
1461 1905 1667 1996 imaginatio
1700 1907 1820 1998 ignota
1848 1920 1901 1977 est
1931 1906 2122 1980 veteribus.

76 2007 147 2076 hus
165 2019 299 2092 sumta,
322 2007 503 2076 interdum
525 2019 560 2076 et
574 2007 719 2088 mutila,
746 2027 807 2076 seu
830 2005 994 2095 ambigua
1016 2027 1077 2074 er·-
1127 2005 1218 2076 Nam
1235 2003 1366 2074 Paulus
1389 2007 1543 2096 appellat
1563 2032 1690 2098 panem
1710 2008 1814 2077 etiam
1834 2007 1873 2076 in
1895 2005 1963 2079 usu
1978 2001 2122 2079 Eucha-

79 2121 288 2197 cerpuntex
304 2105 494 2192 veteribus,
520 2131 609 2200 quae
623 2108 711 2176 siad
727 2107 822 2199 ipsos
836 2123 977 2177 autores
991 2129 1078 2175 eon-
1128 2105 1263 2176 ristiae:
1296 2105 1363 2202 qui
1386 2101 1587 2176 munducat
1618 2103 1662 2180 de
1692 2131 1788 2206 pune
1817 2101 1885 2177 bue
1899 2109 1939 2202 ¹)
1993 2107 2122 2201 'Itaque

78 2210 263 2292 ferantur,
296 2231 378 2277 mox
405 2208 663 2278 animadvertes
685 2207 783 2277 aliud
805 2210 947 2302 pedem,
980 2197 1079 2276 alind
1130 2223 1221 2277 recte
1246 2207 1394 2294 dicitur,
1425 2211 1522 2302 quod
1553 2211 1655 2300 panis
1682 2221 1832 2284 maneat,
1866 2209 2056 2305 ,Secundo
2075 2203 2121 2302 '):

80 2304 258 2380 citharam
274 2331 417 2394 sonore,
441 2321 482 2378 ut
498 2309 586 2378 olim
602 2309 799 2380 dicebatur.
1127 2307 1239 2408 punis
1260 2316 1311 2377 est
1329 2331 1457 2405 corpus
1476 2301 1623 2381 Christi
1641 2311 1860 2402 intelligatur
1877 2305 2123 2406 synecdochen

185 2407 334 2480 Possum
348 2410 533 2501 perspicua
541 2413 731 2501 ostendere
745 2411 916 2505 quasdam
935 2423 1078 2482 senten·-
1130 2435 1220 2496 esse,
1247 2435 1336 2506 quae
1355 2424 1407 2481 est
1426 2411 1554 2482 usitata
1577 2412 1616 2484 in
1632 2404 1805 2506 scriptura
1821 2409 1872 2506 ⁴),
1895 2413 2016 2498 idest,
2041 2435 2124 2481 cum

79 2512 152 2582 tias
177 2511 298 2582 citatas
322 2511 601 2582 ahaavenariis
620 2513 770 2598 nostris,
794 2534 905 2606 quae,
933 2512 999 2582 etsi
1020 2533 1080 2580 ex·
1130 2535 1221 2604 pane
1253 2527 1288 2582 et
1313 2511 1397 2582 vino
1425 2507 1610 2585 exhibetur
1642 2529 1677 2586 et
1702 2513 1896 2606 porrigitur
1930 2536 2058 2607 corpus
2090 2523 2125 2582 et
2157 2543 2163 2556 κ

82 2625 163 2682 tant
179 2613 219 2680 in
234 2612 435 2682 recentibus
455 2612 692 2695 editionibus,
718 2587 837 2683 t⁰amen
852 2634 928 2682 non
942 2625 1026 2684 sunt
1041 2611 1081 2680 in
1130 2613 1271 2704 sanguis
1294 2607 1429 2683 Christi
1444 2611 1483 2710 ⁸).

81 2713 267 2783 veteribus
282 2713 384 2782 libris
401 2709 635 2784 maiorecura
657 2727 691 2783 et
711 2715 780 2784 fide
796 2713 946 2806 scriptis.
999 2709 1082 2784 Usi·
1231 2712 1306 2783 lam
1327 2715 1439 2786 multa
1455 2714 1682 2806 disputantur
1693 2709 1753 2784 hic
1767 2715 1812 2784 de
1832 2713 2030 2786 inclusione
2045 2737 2125 2784 cor·

80 2827 157 2884 tata
179 2829 231 2884 est
253 2808 461 2904 sophistica,
479 2815 691 2906 praestigias
711 2815 897 2885 offundere
912 2811 1026 2884 oeulis
1046 2827 1083 2883 et
1133 2816 1228 2908 poris
1242 2815 1281 2884 in
1302 2839 1447 2907 panem,
1472 2816 1529 2884 vel
1548 2817 1591 2885 de
1617 2811 1764 2910 physica
1785 2817 1842 2884 vel
1864 2816 2021 2887 durabili
2038 2839 2125 2884 con·

80 2915 214 2984 animis
230 2915 374 2984 rudium
389 2914 740 2986 mentiouenominis
753 2913 932 2986 Ecclesiae
948 2927 983 2985 et
996 2938 1082 2984 con·
1132 2918 1325 2989 iunctione.
1376 2915 1445 2987 Sed
1468 2917 1770 3012 simplicissimum
1795 2931 1829 2987 et
1853 2915 2076 2986 verissimum
2091 2911 2125 3006 ⁰)

80 3038 209 3085 sensus
224 3017 420 3085 multorum
434 3017 645 3098 seculorum,
665 3037 746 3086 cum
760 3039 861 3108 saepe
875 3017 936 3086 fiat
949 3015 1081 3085 iniuria
1133 3031 1200 3100 est,
1228 3017 1322 3112 quod
1345 3017 1416 3086 dici
1438 3017 1544 3088 solet:
1571 3031 1786 3088 sacramenta
1810 3040 1883 3088 esse
1907 3027 2125 3088 sacramenta

81 3117 324 3186 sanctissimae
341 3113 519 3187 Ecclesiae
542 3119 782 3212 antiquitatis,
808 3139 898 3210 quae
918 3117 1080 3187 nondum
1113 3121 1170 3188 -in
1192 3145 1275 3206 usu;
1301 3143 1410 3212 quare
1431 3121 1664 3190 conscientiae
1684 3119 1767 3190 satis
1784 3133 1852 3200 est,
1879 3120 1976 3214 quod
1993 3117 2030 3187 iu
2046 3141 2127 3200 usu,

80 3214 241 3290 habehat
262 3217 650 3306 tantum'morborum,
680 3232 853 3312 quantum
875 3231 996 3311 postea
1023 3241 1082 3287 ac·
1133 3223 1223 3294 datis
1238 3217 1295 3291 his
1306 3223 1412 3292 rebus
1427 3245 1517 3314 pane
1529 3236 1564 3292 et
1573 3221 1667 3307 vinu,
1681 3223 1785 3292 detur
1796 3245 1924 3314 corpus
1938 3231 1973 3292 et
1983 3219 2127 3310 sanguis

82 3321 199 3390 cessit·
1133 3323 1283 3408 domini,
1308 3337 1411 3416 atque
1427 3323 1476 3394 ita
1493 3319 1656 3394 Christus
1674 3347 1755 3392 vere
1771 3322 1863 3393 adsit
1878 3322 1918 3392 iu
1934 3321 2038 3392 nubis
2053 3333 2087 3390 et
2097 3315 2128 3414 ⁷)

188 3417 264 3490 Cur
283 3423 328 3492 sd
348 3421 489 3492 venales
511 3433 546 3491 et
565 3420 718 3514 privatas
734 3417 857 3490 missas
872 3421 1083 3512 detorquent
1133 3425 1179 3495 sit
1206 3425 1337 3497 efficax.
1403 3421 1500 3495 Haec
1531 3424 1736 3494 coniunctio
1768 3436 1820 3494 est
1847 3421 2127 3516 sacramentalis:

83 3523 283 3591 adversarii
298 3536 455 3592 veterum
477 3522 590 3604 dicta,
613 3547 692 3593 cum
715 3517 883 3591 historiae
898 3522 1082 3590 manifeste
1134 3527 1256 3620 positis
1271 3527 1375 3596 rebus
1391 3527 1538 3618 ponitur
1553 3525 1749 3618 praesentia
1766 3519 1915 3616 Christi,
1931 3547 1995 3593 nec
2009 3523 2125 3608 video,

82 3625 289 3708 ostendant,
315 3625 492 3694 veteribus
505 3623 661 3714 privatas
678 3623 801 3692 missas
816 3623 965 3692 omnino
980 3619 1084 3711 igno-
1133 3649 1197 3698 cur
1219 3629 1338 3720 plures
1360 3627 1583 3720 quaestiones
1610 3621 1670 3696 hic
1700 3625 1836 3696 moveri
1857 3619 2059 3718 debeant.⁰)
2082 3623 2126 3694 de

82 3737 140 3794 tas
162 3723 285 3796 luisse.
326 3722 409 3793 Nec
430 3725 459 3792 si
482 3723 817 3795 inveniuntalicubi
837 3725 877 3793 in
891 3723 1010 3794 Africa
1028 3745 1083 3792 sa·
1133 3725 1277 3824 physica
1294 3743 1329 3800 et
1348 3729 1503 3798 durabili
1519 3726 1779 3801 coniunctione.
1865 3783 1868 3791 .

82 3825 287 3894 crificulum
327 3825 494 3916 privatim
534 3827 658 3896 iecisse
692 3825 928 3906 oblationem,
971 3847 1083 3893 unum

82 3939 195 4018 atque
210 3925 361 3996 alterum
377 3927 576 4017 exemplum
591 3925 793 3996 barbaricae
808 3939 842 3998 et
862 3926 1083 4018 superstitio·
1138 3949 1329 3962 Q

83 4049 146 4096 sae
188 4028 304 4115 gentis
340 4028 561 4117 apostolicae.
590 4027 838 4096 consuetudini
875 4038 1083 4118 opponatur.

82 4126 162 4198 Nec
178 4129 368 4198 defuerunt
382 4128 648 4218 superstitiones
663 4127 728 4194 ulli
744 4127 861 4200 aetati.
913 4126 1034 4213 Quare
1050 4140 1085 4196 ct
1133 4089 1325 4217 Q·

83 4231 127 4297 in
146 4229 358 4300 testimoniis
373 4243 407 4299 et
421 4231 460 4296 in
477 4231 552 4320 ipsa
568 4228 717 4298 lectione
732 4240 891 4296 veterum
909 4221 1083 4295 adhiben·
1612 4275 1620 4294 .
1654 4276 1663 4295 .

86 4331 137 4399 da
159 4344 212 4400 est
233 4330 488 4410 consideratio,
522 4351 612 4422 quae
633 4327 740 4398 luerit
769 4325 979 4418 scriptorum
1002 4349 1085 4418 per·
1485 4269 1775 4380 σκάπτω)

84 4445 195 4521 petua
218 4431 409 4516 sententia,
441 4429 584 4524 etquid
605 4429 740 4514 obiter,
770 4429 857 4522 quid
880 4427 1084 4518 improprie,
1203 4431 1274 4488 Met.
1287 4427 1474 4515 seleonepiu,
1487 4431 1587 4515 P·⁶.⁵⁸·
1619 4423 2130 4551 Epta.tib.t.pttt.ted,.1.oad.l.

83 4533 176 4624 quid
201 4532 369 4624 explicate
394 4531 558 4604 dixerint.
594 4528 771 4623 ,Denique
794 4551 955 4600 normam
979 4529 1083 4598 etiam
1237 4521 1280 4576 ‘P'
1294 4499 1397 4571 ΗΜ·
1430 4499 1518 4556 E¹¹⁸¹⁰
1532 4520 1561 4554 ¹¹¹
1576 4493 1680 4586 conat.
1695 4496 1741 4550 ¹⁸¹·
1761 4493 1792 4551 Ρ·
1805 4493 1839 4551 ¹·
1856 4513 1885 4567 Ρ·
1900 4491 1959 4550 ¹¹²⁴·

84 4647 273 4704 teneamus
296 4633 371 4726 ipsa
396 4634 525 4724 scriptu
551 4627 756 4722 prophetica
777 4644 811 4700 et
834 4628 1084 4720 apostolica-et
1169 4695 1182 4748 1
1216 4693 1275 4750 ed
1306 4691 1332 4746 G
1369 4691 1470 4749 md
1517 4699 1527 4743 Ι

84 4735 264 4828 symeon.
320 4732 375 4804 Aa
390 4733 700 4804 invenissemus
717 4732 768 4802 sa
795 4731 840 4802 ns
859 4743 993 4822 panse,
1023 4730 1086 4821 qut
1167 4698 1201 4850 ,ζ
1220 4714 1306 4832 ,ξῶ
1320 4711 1442 4845 ξ’μῗω,
1459 4707 1600 4840 ,Jjsm
1619 4771 1698 4828 ,M
1714 4769 1778 4829 w,
1796 4769 1915 4844 osen.

84 4836 152 4927 pio
172 4857 251 4904 eam
271 4835 389 4906 studio
409 4847 602 4928 quaerunt,
634 4834 725 4904 sicut
746 4835 822 4924 ipse
844 4831 1085 4926 lnquit‹·lilius
1168 4864 1197 4932 ῃ)
1217 4863 1286 4919 Μ,
1306 4859 1426 4930 puppe„
1443 4862 1567 4914 semaa
1583 4859 1685 4914 orata.

86 4936 161 5010 dei.
204 4934 349 5024 Quanto
364 4937 474 5026 tnagis
487 4947 586 5026 pater
600 4948 714 5004 vester
729 4933 886 5003 eoelestis
899 4929 998 5002 dabit
1012 4932 1086 5024 spi·
1167 4934 1525 5018 tl'steeoaa.,·ea1²a.
1545 4959 1645 5011 corpu
1661 4941 1768 4998 casua
1777 4941 1943 5010 nectatur
1952 4938 2132 5010 nnum-

86 5039 203 5108 ritum
233 5051 394 5107 sanctum
420 5035 631 5128 petentibus.
652 5031 658 5042 ’
689 5031 870 5122 Quaerant
898 5033 1009 5122 igitur
1035 5033 1085 5124 pii
1204 5035 1249 5086 “a
1272 5019 1303 5070 ’Ἀ
1322 5024 1365 5068 ‘⁸‘
1381 5024 1435 5070 ⁶¹⁶·

83 5141 209 5210 tontes
224 5139 464 5209 doctrinaeet
486 5133 560 5226 regi
575 5140 805 5208 mentesanae
818 5133 947 5226 spiritu
962 5133 1086 5204 divino
1171 5103 1201 5256 ἓξ
1218 5097 1434 5257 ἓὲὴέυξῖῑῑῑ
1448 5095 1745 5237 Σῑῖἐεέιῖἑθω
1760 5099 1870 5147 “mm
1882 5100 1924 5147 ‘⁸‘
1941 5091 1971 5147 ¹⁶
1984 5099 2133 5158 “mm

84 5256 225 5330 petant.
276 5240 321 5310 lu
343 5259 386 5309 eo
406 5239 530 5309 studlu'
545 5235 755 5340 sentieut'se
769 5235 945 5308 divinitus
961 5235 1086 5306 iurari.
1172 5273 1200 5342 7)
1219 5270 1289 5327 οῦδ,
1307 5267 1428 5340 emp,
1446 5277 1487 5325 ω,

86 5339 191 5412 Bene
207 5343 284 5412 vale
303 5339 500 5432 pieleutor.
555 5376 586 5396 ··
844 5382 849 5396 ·
913 5359 918 5371 '
1031 5385 1036 5394 -
1170 5359 1199 5426 a>
1218 5355 1289 5414 cod.
1307 5352 1427 5426 Goetph.
1445 5356 1620 5406 monemur.

149 5449 330 5514 Materna.
354 5445 459 5512 Ocra.
486 5444 572 5513 Vos.
599 5440 675 5514 Vll.
1464 5421 1514 5496 56

1951 4179 2112 4214 *av-
