4616 5812
1531 63 1542 127 l

270 195 349 276 lli
842 188 1273 276 EPlS'l'OthUM
1336 196 1445 278 [alh.
1478 197 1546 282 xl.
1604 196 1742 283 tete.
2221 209 2281 288 tte

271 393 409 456 meum,
433 361 673 456 aitChristos,
698 365 1144 446 nonestdehocmnndo.
1192 368 1264 444 S'rd
1314 365 1647 449 alternaret
1679 369 1741 446 Zi
1765 370 1898 464 lero,
1929 371 2072 452 doctori
2099 373 2283 478 theologiae

255 475 303 560 ,si
324 475 427 558 rivo,
452 473 566 544 dicam
588 473 769 542 moderate
790 474 885 568 quod
907 473 1041 561 sentio,
1058 473 1263 568 ubicunque
1441 472 1490 550 in.
1504 470 1706 550 Academia
1731 398 1940 576 lipsiensi,
1965 479 2084 554 amico
2106 505 2181 560 suo.

272 602 351 650 ero:
372 575 518 646 cimbis
532 575 739 648 conceditur
752 573 1090 670 sinaapprobatione
1103 597 1263 668 expressa

268 678 376 780 libri,
401 677 526 750 docere
540 671 795 767 Evangelium,
816 673 1105 750 sicuthactenus:
1131 691 1166 748 et
1187 702 1262 748 non

264 779 490 880 postulatur,
513 779 679 852 retritum
694 775 834 850 Coenae
851 779 990 852 domini
1004 779 1165 865 mutetis,
1187 804 1263 850 non

270 897 466 958 onerantur
482 893 616 954 vestrae
633 881 885 966 conscientiae,
900 883 1038 954 etiamsi
1052 881 1115 952 alii
1129 881 1263 952 librum

270 983 482 1080 approbant.
530 981 604 1056 Nec
617 983 747 1076 opinor
766 983 1046 1058 illustrissimum
1066 983 1264 1078 principem

271 1079 498 1162 conscientiis
521 1085 646 1156 vestris
669 1078 738 1158 hoc
756 1109 846 1156 onus
869 1085 1069 1182 imponere,
1094 1099 1135 1160 ut
1157 1087 1263 1156 etiam

269 1191 355 1262 libri
372 1189 573 1260 defensores
593 1187 689 1267 sitis,
715 1211 819 1282 quem
844 1187 989 1284 quidam
1013 1189 1140 1260 dicunt
1156 1189 1263 1258 etiam

263 1317 347 1364 ἰιοιι
377 1287 529 1382 intelligi
558 1315 578 1360 a
606 1287 719 1362 vobis.
776 1285 892 1360 Deum
917 1306 1099 1362 aeternum
1126 1301 1262 1382 patrem

269 1384 422 1471 Domini
445 1391 559 1462 nostri
583 1387 663 1460 Iesu
677 1385 810 1460 Christi
837 1416 919 1478 oro,
944 1406 985 1480 ut
1004 1416 1068 1464 vos
1086 1405 1202 1480 regat,
1227 1405 1262 1461 ct

272 1507 386 1568 servet
397 1489 575 1566 Ecclesiae
590 1493 768 1588 reliquias.
819 1489 916 1566 Bene
932 1493 1060 1567 valete.
1109 1489 1177 1565 Die
1202 1491 1262 1570 19.

272 1593 436 1687 Augusti.

1316 605 1352 690 0
1383 620 1534 692 ferream
1575 637 1724 696 aetatem
1765 639 1800 696 et
1836 627 1907 720 piis
1936 628 2124 722 praecipue
2154 633 2279 704 duram!

1317 719 1425 792 Multi
1441 725 1535 792 enim
1550 723 1667 796 Deum
1682 751 1764 798 vere
1780 727 1935 800 colentes
1952 743 2125 819 vagantur
2138 748 2281 820 extorres,

1315 824 1462 916 quibus,
1486 839 1527 896 ut
1548 827 1667 922 inquit
1689 829 1838 920 epistola
1859 832 1906 902 ad
1920 829 2124 919 Hebraeos,
2146 839 2280 908 munden

1315 949 1388 995 non
1403 939 1457 998 est
1472 927 1610 1018 dignus.
1658 929 1758 1000 Talis
1772 944 1824 1002 est
1840 945 1874 1002 et
1891 927 1951 1002 hic
1963 933 2080 1004 honus
2093 957 2211 1022 senex,
2231 939 2279 1032 qui

1315 1053 1394 1098 cum
1414 1029 1461 1098 sit
1484 1041 1586 1101 natus
1608 1031 1648 1100 in
1664 1032 1798 1102 familia
1812 1033 1946 1118 nobili,
1971 1048 2005 1104 et
2028 1036 2206 1126 coniugem
2229 1035 2279 1107 ha-

1315 1131 1394 1200 beat
1409 1124 1691 1204 honestissimam
1708 1148 1743 1204 et
1757 1157 1885 1228 parvos
1899 1135 2049 1222 liberos,
2074 1150 2190 1208 umen
2211 1161 2279 1231 pro-

1315 1245 1392 1322 pter
1412 1227 1600 1324 Evangelii
1621 1235 1780 1306 studium
1801 1235 1958 1308 deiectus
1983 1249 2036 1309 est
2064 1239 2209 1331 quadam
2230 1263 2279 1310 sua

1315 1333 1515 1422 iunctione,
1543 1357 1584 1404 ex
1611 1360 1681 1431 qua
1705 1338 1840 1409 victum
1871 1331 2008 1411 habuit.
2057 1335 2162 1410 Nunc
2191 1341 2279 1430 igitur

1313 1449 1466 1505 extrema
1480 1437 1599 1529 inopia
1609 1439 1843 1514 conflictatur.
1867 1436 1959 1510 Cum
1972 1453 2090 1512 autem
2105 1443 2279 1512 doctrinam

1312 1533 1500 1626 Evangelii
1522 1552 1616 1610 recte
1630 1553 1746 1612 teneat
1762 1553 1798 1612 et
1810 1541 1936 1611 docere
1952 1542 2082 1634 possit,
2104 1545 2243 1636 optarim
2254 1545 2278 1611 ei

1312 1637 1467 1734 aliquam
1482 1636 1677 1714 Ecclesiam
1693 1642 1946 1717 commendari.
1986 1637 2084 1734 Ego,
2119 1645 2149 1714 si
2164 1645 2279 1714 medio-

1312 1763 1407 1808 crem
1422 1741 1541 1810 locum
1556 1743 1725 1830 resciero,
1748 1743 1925 1814 rationem
1946 1745 2023 1816 cius
2035 1740 2165 1816 habere
2179 1748 2279 1816 decre-

1313 1841 1360 1916 vi.
1419 1839 1541 2012 'l'uDet
1574 1841 1619 1917 D.
1643 1837 1919 1944 Pseffingerus‚
1951 1859 1993 1916 ut
2026 1845 2122 1918 idem
2153 1847 2278 1930 faciatis,

1311 1953 1455 2034 propter
1509 1965 1590 2014 eum
1612 1967 1784 2032 vosoro,
1809 1959 1846 2018 et
1864 1947 2032 2022 obtestor.
2082 1947 2278 2020 Adiciamur

272 2012 471 2147 Q·
1111 2019 1266 2143 iffi
1311 2043 1462 2113 miseriis
1477 2044 1640 2135 piorum,
1664 2059 1706 2118 ut
1726 2047 1830 2120 toties
1852 2048 2085 2120 concionatur
2108 2051 2206 2120 nobis
2226 2071 2277 2117 vor

742 2216 751 2236 ·
880 2199 887 2208 .
935 2215 944 2234 ⁸
1311 2145 1452 2232 divina,
1474 2159 1524 2216 ut
1555 2145 1652 2219 Deus
1684 2149 1790 2221 etiarn
1822 2163 1963 2222 nostras
1993 2149 2154 2222 miserias
2178 2149 2276 2222 leniat.

555 2215 624 2302 M.
648 2213 983 2331 Moeniacapto·
1312 2245 1408 2317 uene
1425 2259 1460 2318 ee
1475 2247 1625 2321 renum
1641 2251 1730 2322 me.
1779 2249 1901 2322 naas.
1915 2249 1993 2326 cu.
2007 2249 2229 2344 Septembris.

341 2375 426 2447 span.
447 2371 494 2429 ιιι.
512 2371 549 2429 v.
568 2389 597 2443 p.
615 2370 667 2426 ose
684 2389 724 2443 iq.
1768 2347 1958 2446 Philippus
1973 2348 2197 2426 Melanthos.

518 2518 664 2599 Mich.
690 2520 1025 2617 Meienburgio.
1056 2605 1061 2627 ἱ
1492 2472 1495 2480 Α

275 2667 325 2751 S·
351 2681 399 2754 D.
449 2673 707 2745 Honestissime
738 2674 812 2753 vir,
843 2686 877 2742 et
910 2672 1021 2740 amice
1052 2663 1267 2743 charissime.

270 2779 352 2852 Etsi
373 2796 531 2871 tempora
553 2799 655 2846 saeva
676 2788 780 2859 sunt,
811 2787 852 2844 ut
873 2769 1006 2842 Paulus
1028 2773 1209 2853 nominat,
1235 2785 1269 2842 ct
1305 2821 1361 2892 No
1384 2821 1489 2894 *4530

216 2907 220 2915 ¹
271 2884 475 2976 impediunt
497 2876 741 2950 educationem
765 2887 800 2944 ct
824 2874 939 2968 studia
959 2873 1155 2944 multorum
1178 2895 1268 2965 pan·
1317 2875 1501 2948 ,ἔην’
1603 2888 1609 2906 ’

271 3009 415 3078 perum:
441 2996 561 3052 tamen
574 2977 672 3050 Deus
687 2980 748 3048 dat
769 2977 927 3070 aliquos,
950 2975 1012 3068 qui
1029 2998 1133 3067 opem
1148 2975 1269 3044 icrunt
1428 2993 1431 3000 ’
1923 3043 1933 3064 .

272 3087 451 3180 nequens
472 3081 708 3164 descensibus,
740 3092 775 3148 er
805 3100 881 3147 non
910 3099 1055 3168 prorsus
1083 3075 1268 3165 negligunt
1636 3038 1721 3124 Er.
1745 3039 1970 3129 Senecio.

273 3188 463 3258 studiosos.
519 3181 660 3254 Horum
683 3180 796 3274 pietas
816 3176 893 3248 Deo
915 3179 1012 3267 grata
1033 3189 1086 3247 est
1113 3190 1147 3248 et
1168 3176 1268 3247 utilis
1373 3191 1800 3272 †Ecod.Goet.tot.p.2st.
1908 3273 1912 3280 ἱ

271 3287 481 3383 posteritati.
530 3281 612 3354 Erit
627 3283 737 3375 igitur
753 3295 788 3352 et
801 3293 916 3350 vestra
931 3279 1122 3348 liberalitas
1140 3279 1179 3348 in
1195 3273 1264 3348 hoc
1934 3375 1937 3382 Ι
1988 3365 1998 3384 ι
2291 3295 2292 3363 l

272 3413 399 3481 genere
411 3387 487 3460 Deo
503 3399 619 3476 grata,
643 3398 678 3455 ct
694 3384 867 3456 conducet
890 3382 936 3453 ad
959 3381 1263 3450 conservationem
1576 3359 1779 3436 Erusmo
1803 3361 2024 3475 Stercuto

2290 3461 2291 3490 l

250 3495 467 3581 literarum.
1023 3518 1034 3532 '
1308 3499 1356 3588 S.
1380 3515 1426 3591 D.
1476 3513 1687 3588 Reverende
1717 3516 1774 3586 vir
1797 3527 1832 3586 et
1854 3517 1966 3588 amice
1989 3513 2178 3590 carissime.
2229 3509 2275 3582 ln·

374 3635 598 3738 Cinglarips'
619 3639 723 3711 ,1211oe
745 3651 781 3708 ee
801 3636 980 3707 eruditum
997 3648 1139 3706 carmen
1153 3633 1265 3706 edidi,
1309 3619 1405 3710 speri
1419 3619 1608 3689 conciones
1623 3631 1701 3689 tuas
1713 3617 1836 3710 plenas
1860 3617 2073 3690 eruditionis
2094 3629 2128 3687 et
2149 3613 2275 3710 pietatis,

272 3755 317 3826 de
331 3747 511 3831 lebbaeo,
536 3745 634 3840 quod
650 3741 753 3811 vobis
775 3739 967 3830 inscripsit.
1019 3732 1097 3808 Oro
1119 3749 1266 3830 propter
1308 3745 1498 3814 earumque
1510 3719 1698 3792 lectionem
1712 3719 1832 3790 iudico
1853 3719 1958 3790 bonis
1976 3719 2156 3790 mentibus
2174 3715 2275 3826 utilem

273 3873 497 3922 communem
516 3848 699 3918 literarum
722 3841 948 3932 dignitatern,
974 3851 1015 3908 ut
1038 3863 1120 3908 eum
1143 3862 1266 3916 aman-
1309 3846 1400 3904 ⁰⁸⁵0,
1426 3813 2216 3940 010r⁰h0rlat⁰rtypographisflttedantff·
2246 3811 2276 3884 St

272 3969 327 4025 ter
340 3949 633 4042 complectamini.
681 3943 866 4034 Principes
879 3943 965 4012 talia
981 3940 1123 4030 ingenia
1135 3941 1264 4030 eligere
1308 3924 1411 3995 bonis
1426 3924 1565 4015 scriptis
1580 3923 1867 3998 confirmabimus
1880 3917 2120 3994 Ecclesrarum
2136 3921 2276 3990 volunta·

275 4069 309 4126 et
322 4056 440 4123 fovere
458 4031 655 4123 debebant.
695 4044 765 4118 Sed
785 4039 871 4114 baec
885 4043 1090 4114 turbulenta
1105 4056 1140 4113 et
1152 4043 1264 4112 delira
1307 4040 1379 4107 12⁵2
1395 4025 1475 4116 Plus
1490 4025 1755 4116 proficerem&
1777 4048 1884 4116 quam
1898 4023 1930 4094 si
1946 4023 2121 4096 internos
2138 4021 2201 4114 ipsi
2213 4032 2275 4130 tau-

275 4125 435 4226 senectus
457 4151 602 4234 mundi,
625 4171 690 4219 nec
704 4147 886 4216 doctrinae
907 4169 973 4214 nec
985 4145 1129 4215 virtutis
1149 4144 1265 4216 studia
1308 4151 1413 4221 quam
1430 4127 1573 4196 caducei
1586 4127 1709 4196 fratres
1718 4125 1976 4200 dimicabimus.
2001 4124 2123 4196 Simus
2136 4125 2276 4192 inomn-

274 4259 394 4327 curat.
438 4252 509 4325 Sed
529 4251 626 4322 Deus
648 4271 689 4318 ea
714 4273 789 4317 non
808 4271 952 4338 prorsus
977 4247 1136 4336 extingui
1163 4247 1265 4318 sinet,
1310 4233 1374 4298 bus
1389 4227 1591 4298 necessariis
1605 4227 1718 4313 firmi,
1733 4228 2013 4307 needeseramus
2026 4222 2275 4312 Ecclesiaspro·

274 4357 371 4429 Bene
387 4369 421 4428 et
435 4355 585 4427 feliciter
598 4351 722 4422 valete.
774 4347 842 4419 Die
856 4344 1008 4438 Augusti
1024 4345 1087 4419 25.
1215 4373 1219 4386 ·
1310 4343 1386 4422 pter
1417 4330 1641 4414 servitutem,
1669 4351 1759 4422 quae
1784 4340 1901 4398 tamen
1931 4328 1979 4398 sit
2006 4327 2083 4396 sine
2111 4325 2273 4417 impietate.

1309 4429 1513 4524 Aliquando
1531 4445 1611 4522 post
1624 4431 1678 4503 sol
1692 4451 1815 4513 verus,
1834 4428 1929 4498 lilius
1942 4425 2029 4512 Dei,
2045 4428 2192 4518 depellet
2204 4436 2257 4490 ten

1017 4543 1217 4639 Philippus.
1311 4545 1494 4624 penetrem,
1520 4543 1609 4625 quae
1636 4531 1707 4600 iam
1728 4531 1847 4601 turbat
1866 4526 2058 4610 Ecclesias,
2092 4551 2191 4622 quem
2210 4544 2273 4590 ore-1

1310 4657 1406 4719 runs,
1419 4647 1460 4708 ut
1475 4657 1539 4702 nos
1553 4645 1650 4722 regat
1665 4645 1698 4704 et
1712 4627 2012 4701 servetEcclcsiae
2027 4653 2108 4699 suae
2119 4625 2269 4717 reliquias.

1310 4733 1416 4805 Mitto
1431 4735 1498 4804 tibi
1513 4735 1684 4826 pagellas,
1701 4756 1852 4828 quarum
1867 4731 2054 4806 lectionem
2066 4731 2134 4801 tibi
2150 4749 2215 4802 nou
2228 4723 2269 4790 iet·

1309 4851 1451 4934 suavem
1471 4837 1546 4906 sore
1561 4835 1726 4906 arbitror.
1775 4829 1873 4902 Bene
1890 4829 1990 4907 Vale.

272 5007 339 5080 No.
361 4963 472 5082 4579.
1057 5083 1062 5090 .
1106 5002 1164 5066 30.
1180 4989 1264 5075 Aug.
1310 5019 1533 5036 ...-.......

1327 5143 1369 5214 ¹¹⁸)
1386 5142 1502 5210 Nescio,
1520 5159 1554 5196 an
1573 5159 1623 5207 ea,
1639 5157 1707 5211 qne
1723 5138 1884 5196 Melanthos
1905 5139 1934 5197 d.
1954 5140 1980 5194 l.
1998 5137 2092 5213 Ssptb.
2111 5139 2145 5192 de
2161 5173 2179 5204 ,‚
2224 5127 2268 5212 qli·

609 5195 656 5282 Β
699 5195 784 5282 Ζίθ
817 5196 925 5277 lero·
1374 5212 1607 5268 tionsSrrceria”
1625 5208 1908 5282 scripsitadSareerii
1923 5209 2069 5266 condones
2083 5207 2182 5262 releren
2200 5205 2270 5278 assub

658 5255 668 5279 ⁸
783 5222 816 5312 y
1375 5299 1491 5338 necne.
1526 5279 1610 5350 Quod
1631 5277 1653 5332 si
1674 5287 1753 5343 tunt,
1775 5273 2268 5352 brecep.tn·memetue.ser¹t²¹

343 5365 366 5434 †
383 5361 567 5432 &apamia
580 5359 642 5416 eod.
654 5359 737 5414 Geth.
749 5357 795 5412 28.
807 5371 835 5425 p.
850 5354 900 5410 tto
1373 5359 1422 5407 est.

291 1812 449 1856 ,ναι-*η

1321 2627 1388 2638 ...-

2021 2833 2101 2914 (iere
2114 2860 2155 2900 m.
2170 2835 2258 2917 Aug.)
2294 2827 2295 2895 l

1982 2933 2273 2977 sm
2293 2983 2294 3051 p

282 4815 1258 4850 Μ
