4642 5808
813 213 1258 300 uetsrouattuu
1308 223 1509 308 tluxt.
1562 231 1695 312 tots.

237 457 242 464 ⁶
335 403 417 466 supra
432 392 460 448 d.
473 389 516 446 2⁰.
530 389 599 446 Maii
616 387 691 474 iifl.
703 386 825 470 legimus
843 415 878 432 ·-
914 387 997 458 Quod
1009 387 1045 444 sd
1062 398 1228 474 conveniam

335 461 554 544 lesterbocpnsem
579 465 690 524 attinet,
721 457 863 528 Principes
887 455 1044 538 Electores,
1076 457 1230 514 Maurtttus

337 523 1232 676 tltlttttsttt‘tttttlltttltttl·ll.s¹{‡t.tl.⁶‘t:

337 676 477 749 cesserunt
492 665 659 748 Episcopus,
679 662 780 716 lulium
797 661 893 732 paug,
915 663 1187 736 Naumburgensem,
1205 673 1233 720 ει

336 737 485 818 Georgium
508 735 700 799 ttnbaltmum,
724 734 1001 817 Merseburgensem,
1025 745 1052 816 ct
1073 753 1103 787 ει
1123 735 1232 818 Acade-

336 825 397 864 snus
414 803 628 871 Melantboncm,
647 799 841 872 Plefftngerum
857 813 882 853 ει
898 803 1095 864 hemeterium,
1115 803 1232 874 densque

339 872 605 930 llamGrcssernm.
638 870 778 924 Pastorem
802 870 995 928 Drasdensetn.
1044 869 1232 942 A'l'beologis

339 945 376 996 ibi
391 942 456 994 nihil
469 954 559 996 actum
573 951 627 1012 est,
645 940 697 992 nisi
711 937 795 1009 quod,
811 947 843 990 ut
857 939 1039 1008 promiserant
1050 939 1080 993 iu
1092 949 1233 998 conventu

340 1011 471 1073 cellensi,
496 1009 655 1064 sententiam
677 1023 752 1062 suam
774 1007 807 1060 de
826 1003 938 1060 Canone
952 1017 978 1061 et
993 1009 1146 1063 chrismate
1163 1009 1232 1064 ube·

340 1077 754 1218 tlt.:ltttt‘tttlltm'tlt
757 1085 785 1129 ¹⁰
811 1075 884 1160 ‘¹⁰⁹³
902 1075 948 1133 ⁵³⁰
963 1077 1078 1149 ¹²⁸³¹¹⁸'’
1104 1077 1232 1152 ³⁰⁰⁶l“⁸

237 1319 438 1422 Restitutio
471 1331 501 1392 ct
529 1317 730 1414 explicatio
755 1315 807 1390 So
833 1313 1036 1392 hiematum
1063 1319 1234 1392 recentio-

241 1453 339 1508 rum,
365 1421 498 1524 quidese
513 1422 745 1521 privatorum
762 1343 994 1511 cdssarum,
1018 1431 1049 1495 ct
1065 1417 1234 1496 Cononis

240 1523 493 1624 blasphemiae
523 1520 780 1596 idololatricae
805 1521 1024 1622 pinguntur.
1085 1521 1233 1626 Scripta

240 1624 510 1728 oPltilippo
528 1621 837 1700 tttetantttonc
858 1627 897 1697 iu
911 1621 1235 1700 Convictolita-

660 1725 812 1799 bocensi.

240 1875 373 1973 lugens
398 1880 590 1950 multitudo
613 1881 833 1954 sacerdotum
857 1879 896 1948 in
920 1892 994 1950 toto
1019 1881 1106 1952 orbe
1127 1875 1234 1952 Chri-

241 1988 375 2068 stiano,
400 1982 566 2052 omuibus
589 1984 660 2052 fere
683 1982 809 2052 seculis
832 1982 1010 2052 veteribus
1033 1996 1069 2054 ει
1083 1982 1235 2054 recenti-

241 2091 327 2172 bus,
353 2084 568 2155 ceremonias
593 2085 715 2154 missae
737 2084 907 2170 servavit,
932 2109 1047 2178 neque
1067 2084 1234 2174 cogitans,

240 2213 355 2282 neque
380 2185 598 2274 intelligens,
631 2185 717 2278 quid
741 2201 874 2273 ageret,
898 2187 957 2254 sed
981 2199 1124 2279 propter
1147 2211 1234 2258 con-

240 2289 464 2362 suetudinem
481 2288 541 2356 itta
559 2287 771 2378 praescripta
787 2287 888 2365 fecit,
920 2288 1011 2358 sicut
1026 2288 1127 2380 pueri
1144 2288 1234 2358 reci-

241 2407 317 2463 tant
340 2393 486 2470 dictata,
511 2389 602 2458 sicut
619 2389 656 2458 in
670 2389 742 2458 suis
757 2386 934 2458 sacrificiis
947 2389 1106 2460 feceruut
1120 2413 1235 2460 sacer-

241 2499 340 2564 dotes
359 2489 502 2562 levitici
528 2503 562 2560 et
577 2485 733 2564 Etlmici.
784 2487 944 2584 Cumque
966 2491 1046 2560 talis
1067 2493 1235 2584 placruu-

241 2622 309 2688 que
330 2596 375 2664 sit
401 2607 435 2662 ct
455 2592 580 2676 fuerit,
613 2607 647 2662 et
670 2593 789 2663 fictura
814 2589 859 2662 sit
887 2592 1101 2676 multitudo,
1132 2593 1234 2664 facile

240 2695 393 2786 intelligi
420 2707 554 2786 potest,
587 2718 689 2785 saepe
715 2715 877 2784 magnam
904 2694 1172 2766 multitudinem
1196 2696 1235 2766 in

241 2802 320 2872 loco
336 2795 518 2868 ordinario
534 2795 572 2864 in
587 2791 744 2866 Ecclesia
759 2793 894 2886 magnis
908 2796 1088 2868 erroribus
1103 2809 1138 2866 et
1152 2821 1235 2890 pec·

241 2904 327 2972 catis
346 2899 516 2990 pollutam
539 2921 623 2973 esse.
655 2895 748 2976 ,Nec
763 2899 959 2968 excusanda
974 2910 1026 2968 est
1040 2899 1233 2972 multitudo

241 3014 421 3096 praetextu
439 2995 546 3070 huius
562 2999 665 3080 dicti,
693 2995 862 3069 Ecclesia
877 3021 951 3070 oon
966 3007 1076 3072 errat.

343 3115 469 3212 Aliqui
494 3141 577 3188 vero
602 3118 716 3200 docti,
749 3119 810 3188 sed
841 3131 958 3188 tamen
989 3119 1233 3210 superstitiosi,

242 3221 390 3294 Missam
416 3219 615 3308 cogitarunt
641 3241 715 3288 esse
740 3219 949 3290 sacrificium
982 3245 1047 3311 pro
1082 3236 1235 3315 peccato,

240 3323 368 3395 mereri
402 3323 567 3406 facienti,
608 3335 642 3392 et
675 3323 753 3390 aliis
787 3321 1042 3398 remissionem.
1105 3319 1153 3394 Et
1184 3323 1237 3395 sic

241 3425 346 3496 multi
371 3425 570 3494 docuerunt
593 3435 627 3492 et
648 3423 876 3494 cumularunt
897 3446 1045 3500 errores.
1100 3421 1235 3496 Extant

242 3529 337 3598 enim
381 3526 466 3596 libri
507 3525 779 3617 praecipuorum
818 3525 1030 3618 scriptorum
1061 3519 1236 3614 Thomas,

241 3629 357 3712 Senti,
382 3642 418 3698 et
437 3628 611 3712 aliorum,
637 3627 700 3720 qui
725 3639 916 3712 testantur,
940 3622 1151 3700 hancfuissc
1169 3631 1235 3700 do-

241 3732 390 3802 ctrinam
421 3730 637 3798 ordinariam
667 3742 866 3820 temporum
892 3729 1098 3804 multorum.
1156 3729 1233 3802 lmo

241 3836 291 3902 sic
305 3833 438 3903 multae
455 3831 671 3922 precationes
686 3845 719 3900 et
733 3827 890 3900 Canouis
905 3833 1010 3902 verba
1025 3833 1233 3924 loquuntur.

243 3931 379 4004 Tantae
396 3934 560 4002 tenebrae
582 3946 814 4016 cumessam,
849 3945 883 4001 ct
905 3933 1051 4023 plurimi
1067 3928 1092 4026 ¹)
1116 3947 1233 4004 tamen

241 4035 374 4105 ventris
390 4047 424 4102 et
439 4050 602 4126 quaestus
618 4057 736 4103 caussa
750 4033 995 4119 sacrificarent,
1020 4048 1118 4106 mota
1133 4061 1233 4105 men-

2192 239 2255 314 ast

1382 397 1522 476 Deinde
1535 405 1720 479 evidenter
1735 421 1912 482 ostensum
1927 426 1989 501 est,
2013 407 2080 488 boc
2094 437 2179 510 opus
2190 441 2254 486 non

1280 525 1353 573 esse
1368 506 1578 582 sacrificium
1599 533 1664 602 pro
1680 525 1844 600 peccato,
1869 508 1937 585 hoc
1954 531 2023 603 est,
2047 541 2120 588 non
2144 519 2255 590 mereri

1279 605 1522 678 remissionem
1543 626 1765 701 peccatorum
1790 615 1934 688 facienti
1957 631 2018 688 aut
2037 619 2125 694 aliis.
2173 619 2252 708 Quia

1280 708 1350 778 tale
1372 709 1580 782 sacrificium
1604 727 1657 786 est
1672 716 1835 801 unicum,
1862 719 2059 790 obedientia
2076 720 2137 788 lilii
2153 720 2207 790 Dei
2222 723 2252 790 in

1281 809 1440 902 passione
1473 837 1535 882 sua
1564 827 1635 885 tota
1662 830 1698 886 ει
1721 831 1853 902 morte,
1895 819 1985 892 sicut
2010 822 2252 914 scriptumest:

1281 908 1321 983 U
1320 909 1404 982 oica
1426 909 1612 984 oblatione
1626 917 1889 990 consummavit
1904 931 2061 992 sanctos.

1381 1013 1479 1086 Haec
1504 1020 1676 1090 sententia
1699 1023 1785 1091 adeo
1812 1023 1994 1095 evidenter
2017 1049 2099 1104 vera
2127 1041 2193 1110 est,
2222 1041 2253 1096 nt

1280 1139 1404 1185 omrtes
1427 1143 1499 1188 non
1522 1121 1660 1210 profani
1685 1135 1719 1193 et
1737 1123 1963 1194 mediocriter
1982 1125 2132 1198 instituti
2151 1153 2254 1198 assen-

1280 1219 1427 1290 tiantur.
1477 1217 1525 1294 Et
1542 1222 1633 1292 liber
1646 1219 1874 1314 Augustanus
1888 1227 2070 1299 manifeste
2086 1223 2173 1298 ham
2187 1255 2253 1298 sen-

1281 1321 1426 1390 tentiam
1442 1322 1577 1415 recipit.
1611 1321 1731 1412 Quare
1749 1327 1929 1396 fatendum
1945 1342 2013 1414 est,
2039 1329 2107 1399 late
2123 1333 2254 1420 grassari

1283 1443 1382 1512 posse
1413 1447 1549 1495 errores
1577 1426 1615 1494 in
1643 1423 1817 1511 Ecclesia,
1855 1453 1935 1498 cum
1970 1424 2056 1500 haec
2082 1433 2254 1524 persuasio,

1282 1547 1372 1614 quae
1392 1525 1489 1597 velut
1513 1527 1649 1597 idolum
1670 1541 1741 1615 est,
1775 1541 1846 1600 tam
1874 1531 1937 1601 diu
1961 1531 1999 1600 in
2022 1555 2147 1623 magna
2171 1549 2254 1625 parte

1283 1618 1469 1696 hominum
1487 1622 1650 1704 haeserit.

1382 1725 1452 1800 Sed
1470 1753 1541 1798 non
1555 1731 1639 1800 satis
1653 1729 1722 1802 fuit
1737 1732 1866 1800 abusus
1882 1745 2016 1814 taxare,
2042 1735 2124 1805 addi
2139 1735 2255 1804 doctri·

1282 1853 1364 1900 nam
1382 1841 1416 1898 et
1431 1831 1474 1900 de
1489 1855 1573 1901 vcro
1590 1855 1655 1901 usu
1673 1855 1812 1904 necesse
1825 1833 1903 1906 fuit.

1381 1927 1432 2002 Et
1453 1926 1545 2003 hanc
1559 1923 1717 2004 'fideliter
1738 1935 1952 2005 addidimus.
2008 1934 2128 2008 Secuti
2150 1961 2255 2008 sumus

1281 2033 1502 2103 narrationes
1533 2033 1572 2104 in
1591 2031 1813 2124 Evangeliis,
1846 2051 1880 2107 et
1908 2036 2075 2132 antiquae
2095 2036 2256 2110 Ecclesiae

1281 2137 1586 2212 consuetudinem.
1643 2135 1873 2208 Manifestum
1898 2151 1949 2210 est
1975 2139 2172 2212 institutam
2196 2163 2257 2210 esse

1282 2237 1567 2308 distributionem
1591 2251 1625 2308 et
1644 2239 1876 2326 sumtionem,
1911 2253 1946 2310 ει
1970 2265 2050 2310 cum
2072 2243 2197 2312 sumtio
2219 2241 2257 2311 sit

1282 2335 1567 2423 Sacramentum,
1600 2341 1795 2410 necessario
1823 2341 1983 2412 facienda
2016 2357 2069 2412 est
2099 2345 2142 2412 ad
2174 2339 2257 2412 hunc

1282 2439 1388 2510 linem
1403 2439 1635 2532 principalem
1651 2437 1693 2537 ²),
1718 2442 1809 2514 sicut
1823 2443 1866 2512 de
1882 2441 2187 2516 sacramentorum
2201 2467 2258 2513 usu

1283 2542 1322 2610 in
1360 2541 1492 2613 adultis
1531 2543 1779 2614 universaliter
1817 2543 1923 2616 sentit
1957 2539 2136 2632 Ecclesia,
2174 2545 2258 2639 quod

1282 2639 1417 2737 mens¹)
1441 2645 1612 2716 sumentis
1634 2645 1776 2714 intuens
1798 2644 1835 2713 in
1859 2639 1951 2715 hanc
1965 2649 2176 2718 sumtionem
2192 2671 2258 2714 mo-

1282 2758 1425 2831 veatur,
1457 2757 1498 2815 ut
1522 2747 1659 2832 credat,
1690 2769 1728 2816 se
1753 2746 1863 2838 recipi
1887 2759 2032 2838 propter
2056 2750 2168 2820 filium
2192 2745 2259 2830 Dei,
2301 2799 2302 2814 ,

1282 2861 1316 2919 ει
1338 2845 1537 2918 membrum
1560 2847 1636 2916 fieri
1660 2846 1847 2932 attinet,
1871 2843 2042 2941 quiahoc
2069 2847 2258 2922 testimonio

1283 2948 1437 3020 ostendit
1450 2947 1544 3018 lilius
1558 2945 1639 3035 Dei,
1658 2973 1723 3020 nos
1735 2948 1804 3019 sibi
1817 2949 1963 3040 adiungi
1977 2963 2148 3044 tauquam
2162 2971 2259 3020 mern-

1281 3051 1365 3134 bra,
1389 3063 1424 3120 et
1439 3073 1506 3120 nos
1523 3049 1622 3120 ablui
1640 3073 1703 3124 suo
1720 3051 1917 3140 sanguine.'

1383 3149 1465 3222 Non
1490 3166 1647 3223 merctur
1669 3164 1753 3222 tunc
1776 3153 1906 3223 sumtio
1921 3151 2183 3235 remissionem,
2205 3171 2260 3219 nec

1283 3254 1426 3346 prodest
1447 3253 1524 3345 ipsa
1541 3252 1672 3324 sumtio
1689 3252 1764 3322 sine
1779 3253 1864 3338 fide,
1887 3267 1922 3326 ct
1935 3267 1975 3326 ut
1992 3253 2205 3348 loquuntur,
2227 3273 2261 3320 ex

1282 3378 1387 3446 opere
1409 3368 1570 3444 operato,
1595 3356 1657 3424 sed
1678 3354 1791 3424 multo
1814 3369 1896 3426 ante
1917 3355 2128 3427 sacrificium
2142 3355 2261 3424 factum
2299 3395 2300 3469 i

1283 3469 1333 3526 est
1348 3457 1392 3526 ab
1409 3455 1485 3547 ipso
1501 3457 1574 3526 lilio
1590 3453 1668 3540 Dei,
1693 3455 1789 3548 quod
1804 3457 2005 3528 merebatur
2019 3457 2262 3528 remissionem.

1281 3557 1386 3628 Nunc
1409 3557 1647 3630 testimonium
1666 3553 1808 3628 exhibet
1823 3558 1862 3627 in
1881 3551 1949 3628 boe
1962 3559 2055 3643 ritu,
2080 3559 2170 3628 sicut
2186 3555 2262 3626 etin

1281 3683 1366 3730 sroce
1381 3656 1586 3750 Evangelii,
1611 3659 1728 3729 autin
1746 3659 1989 3741 absolutione,
2013 3661 2109 3753 quod
2129 3659 2262 3730 credens
2298 3707 2299 3763 ζ

1281 3775 1315 3833 ιε
1337 3761 1447 3852 recipi
1470 3776 1615 3853 propter
1636 3761 1844 3830 sacrificium
1868 3773 1971 3831 antea
1991 3783 2011 3830 a
2034 3759 2110 3832 filio
2131 3757 2197 3831 Dei
2216 3757 2262 3826 fa-

1281 3876 1396 3944 ctum,
1439 3887 1520 3932 vere
1547 3862 1726 3953 recipiaris
1742 3859 1792 3955 ⁴),
1824 3875 1858 3932 ει
1873 3867 1965 3934 'vere
1991 3862 2039 3931 sis
2060 3861 2261 3932 membrum.

1281 3957 1435 4034 Etlsanc
1449 3965 1660 4035 sumtionem
1676 3963 1754 4034 vult
1766 3963 1889 4033 crebro
1904 3963 1990 4050 fieri,
2006 3975 2046 4034 ut
2060 3985 2163 4056 saepe
2177 3983 2263 4032 com·
2297 4051 2298 4057 ἵ

1282 4065 1489 4150 monefacti,
1521 4066 1659 4142 firmius
1681 4077 1893 4152 statuamus,
1927 4087 1993 4136 nos
2020 4086 2095 4136 esse
2116 4062 2264 4136 membra

240 4138 337 4208 tione
369 4137 544 4206 abusuum
577 4131 921 4221 Ecclesiasticorum‚
961 4136 1064 4208 etiam
1093 4139 1137 4206 de
1167 4135 1234 4210 bac
1281 4165 1446 4239 5151)ss

240 4238 487 4330 profanatione
504 4232 643 4307 Coenae
666 4237 737 4306 dici
759 4259 898 4308 neccsse
917 4237 1006 4321 fuit,
1027 4241 1233 4331 praesertim
1385 4266 1464 4338 Hoc
1489 4267 1597 4338 modo
1621 4265 1661 4338 fit
1681 4266 1870 4360 applicatio
1892 4265 2170 4358 promissionum
2191 4285 2264 4354 pm,
2296 4319 2297 4349 1

241 4365 342 4456 cum,
357 4354 449 4410 “let
481 4339 665 4457 ¹¹¹³,nllesll
692 4338 941 4456 ⁰?mml⁰³¹l⁰3
975 4333 1057 4456 ‚Qui
1082 4336 1235 4460 indign
1282 4371 1360 4461 pria
1383 4371 1470 4455 lide,
1495 4385 1530 4442 ει
1552 4368 1747 4440 consolatio
1767 4382 1819 4440 εει
1842 4369 1920 4459 piae
1936 4367 2049 4438 menti
2065 4365 2264 4458 gratissima,
2295 4453 2296 4458 Ἰ

241 4451 367 4522 “mult
394 4465 472 4512 ’Μ’
489 4447 556 4510 ml
574 4463 735 4536 ⁶⁰'l'07'5
753 4447 784 4508 θ’
800 4463 999 4533 ⁸⁰”8fflm5
1014 4437 1186 4516 D⁰mm⁸⁰
1282 4475 1321 4542 in
1336 4497 1405 4567 qua
1421 4471 1661 4543 consolatione
1675 4471 1782 4541 simul
1794 4467 1948 4563 Spiritus
1964 4483 2104 4540 sanctus
2119 4469 2157 4538 in
2172 4465 2266 4538 corde
2295 4539 2296 4560 .

342 4556 504 4628 Primum
523 4558 631 4646 lssllur
649 4553 804 4629 Ellffllca
821 4557 958 4628 insedit!
974 4571 1009 4628 θῐ
1023 4559 1235 4650 ssessllgesslltt
1284 4588 1337 4646 est
1357 4574 1498 4656 efficax,
1527 4587 1561 4644 et
1582 4573 1741 4644 ascendit
1759 4595 1844 4658 nos,
1870 4585 1912 4643 ut
1930 4571 2065 4642 firmini
2082 4585 2264 4642 statuamus
2295 4577 2296 4643 t

242 4673 357 4730 taxata
381 4674 434 4728 εει
457 4659 628 4727 maximae
651 4659 909 4747 multitudinis,
935 4685 1025 4756 quae
1045 4684 1110 4730 nec
1127 4676 1236 4750 curat,
1284 4697 1350 4748 nos
1364 4675 1544 4756 exaudiri,
1569 4687 1603 4746 21
1616 4674 1798 4747 ardentius
1814 4674 2036 4755 invocemus,
2060 4685 2124 4744 eie,
2294 4739 2295 4762 Χ

242 4787 307 4833 nec
329 4762 410 4847 Seli,
442 4783 507 4828 nec
532 4760 678 4849 Cogllfll,
705 4762 791 4854 quid
814 4777 903 4853 agal.
957 4759 1057 4851 Quid
1073 4777 1126 4835 etl
1140 4765 1236 4835 enlm
1386 4777 1495 4870 Quod
1516 4791 1634 4848 autem
1656 4775 1701 4846 ad
1722 4771 1818 4852 hunc
1837 4774 1944 4847 finem
1960 4772 2201 4866 principaliter
2217 4769 2267 4836 in.
2294 4775 2295 4800 ³

241 4865 444 4954 indlgsslffi.
471 4881 578 4954 qnam
603 4861 739 4931 adferre
764 4875 897 4934 lautam
919 4865 1171 4956 ssflssllssffllllm
1191 4869 1237 4938 ad
1285 4881 1405 4954 stituta
1423 4880 1471 4952 sit
1483 4879 1633 4963 sumtis,
1657 4877 1883 4954 manifestum
1898 4889 1951 4946 est
1970 4899 2012 4946 ex
2028 4875 2163 4960 verbis,
2187 4889 2266 4965 quae

242 4965 333 5036 illud
353 4965 558 5036 mirandum
584 4984 690 5054 opus,
724 4965 819 5057 quod
842 4967 958 5038 voluit
980 4967 1073 5044 filius
1088 4963 1158 5040 Dei
1181 4970 1239 5063 pi·
1286 4983 1410 5054 iubent
1431 5005 1585 5068 sumere,
1610 4993 1645 5054 et
1664 4979 1771 5051 simul
1792 4979 1986 5051 admonent
2009 4999 2075 5048 nos
2094 4979 2138 5050 de
2153 4971 2266 5046 remis·

242 5089 332 5156 gnus
357 5091 429 5138 esse
454 5087 536 5138 suae
557 5065 793 5159 praesentiae,
826 5079 860 5138 et
882 5090 1026 5141 suorum
1048 5072 1237 5144 beneficio·
2293 5069 2294 5082 ¹

242 5167 348 5237 rum?

1294 5149 1499 5169 ···⁴-·-·

1321 5246 1348 5312 2)
1368 5245 1455 5300 codd.
1467 5243 1666 5311 prmsrpolitcr.

1322 5329 1350 5400 Β)
1370 5329 1431 5385 Pes.
1445 5327 1501 5384 sies
1522 5327 1654 5383 Ecclesia.
1687 5325 1784 5396 diem,
1798 5320 1989 5395 praesumtae
1999 5323 2084 5392 qttod.

276 5405 307 5474 1)
320 5403 454 5480 placitu]
466 5401 529 5464 Per.
547 5407 642 5463 metti.
748 5455 753 5464 .
1269 5466 1272 5474 ,
1321 5417 1349 5486 ι)
1369 5411 1598 5483 veteratorum]
1617 5409 1697 5470 cett.
1712 5409 1792 5468 Mon.
1806 5405 1985 5468 malaleel.
