4616 5812
222 211 297 300 tn
348 141 354 154 ’
808 201 1248 290 srrsrousnun
1298 203 1405 283 orn
1427 202 1496 286 n.
1549 200 1684 282 ιω.
1855 177 1860 188 ’
2185 199 2252 278 ssa

325 375 445 504 imi
454 371 893 516 htilffirfflffhheiiu’ii
903 375 1011 502 biii:
1024 377 1102 436 Μ’
1117 409 1169 462 ““.
1187 369 1220 430 ¹¹¹
1269 379 1467 452 admonitio
1482 375 1661 452 iuventuti
1677 375 1789 470 magis
1805 375 2002 448 necessaria
2016 367 2077 446 bic
2088 371 2252 446 cerinum

324 526 353 573 u
365 533 418 588 pro
431 483 663 588 nummum
676 513 718 570 Ιώ
731 514 1000 586 veneraturum
1018 456 1222 586 ‚imam
1271 495 1335 560 est·
1387 479 1500 554 Multi
1519 481 1615 552 enim
1629 482 1780 552 audaces
1793 478 1969 550 abiiciunt
1984 497 2107 548 ornnes
2124 495 2253 544 enarra-

323 585 461 670 ΜΨ
473 583 683 669 'langoratum
697 581 823 670 ’ΜΨ
840 585 874 642 ⁶⁸
887 585 994 657 esuis,
1010 605 1093 670 guare
1108 601 1222 670 «ζωτ-
1271 585 1406 670 tiones,
1429 607 1470 654 oc
1484 583 1742 656 vociferantur:
1767 583 1863 654 solos
1874 581 1992 652 lonlm
2002 578 2165 670 legendos
2180 597 2253 658 esse,

324 673 449 728 „sarran
463 651 601 720 Mara,
617 649 691 710 etad
704 661 887 724 portentatetn
906 663 1052 711 transmitti
1074 664 1160 726 prosit
1178 664 1222 708 te·
1310 687 1347 704 ··
1587 683 1596 702 ·
1872 683 1881 700 ·
2006 680 2015 700 ·
2174 677 2183 696 ·

327 722 480 806 ,mercata
494 731 522 776 et
535 721 773 806 interpraetans·
786 741 926 780 aaaron
943 723 1102 798 tima,
1119 725 1153 781 ,u
1170 741 1222 778 η,
1272 687 1405 758 scrlrcet
1427 679 1638 778 Prophetrea
1659 698 1696 756 et
1718 681 1924 776 Apostolrca
1948 693 2095 774 scrrpta,
2126 703 2203 774 qun
2226 691 2255 746 et

327 792 459 866 amm
472 791 795 866 adstignuaeemmae
1171 849 1177 862 .
1271 789 1474 862 universam
1496 786 1694 858 doctrinam
1710 781 1889 858 Ecclesiae
1912 783 2116 866 continent,
2139 793 2171 851 et
2191 799 2252 848 nou

1273 904 1356 962 sunt
1370 889 1553 980 ambigua,
1574 903 1637 961 aut
1650 887 1809 982 Sibyllae
1823 884 2074 959 tullissimilia.
2124 879 2193 954 Ner
2206 905 2255 950 so·
2292 943 2293 964 ,

1274 994 1371 1074 lum,
1402 1006 1444 1064 ut
1465 991 1615 1076 dicitur,
1646 989 1780 1082 gratius
1805 1014 1848 1060 ex
1877 989 1953 1082 ipso
1979 987 2080 1058 fonte
2098 985 2255 1056 bibuntur
2292 1039 2293 1050 ,

1273 1119 1401 1190 aquae,
1423 1095 1605 1164 sedetiam
1619 1091 1756 1164 tirmior
1770 1103 1823 1163 est
1842 1089 2005 1162 adsensio
2027 1088 2070 1158 iu
2093 1085 2255 1158 mentibus

1275 1211 1310 1268 et
1333 1198 1516 1266 ardentior
1540 1194 1735 1278 invocatio,
1770 1218 1850 1264 curn
1875 1191 2021 1265 auditur
2043 1214 2113 1260 vox
2137 1186 2256 1268 divina,

1276 1321 1382 1394 quarn
1416 1321 1498 1368 cum
1532 1297 1700 1388 leguntur
1731 1289 1920 1366 hominum
1953 1289 2255 1384 interpretationes,

1275 1401 1406 1496 quibus
1419 1424 1465 1470 ne
1483 1399 1629 1493 quidem
1641 1397 1914 1484 adsentiendum
1928 1409 1996 1480 est,
2008 1393 2081 1464 nisi
2097 1415 2173 1462 curn
2188 1392 2256 1460 lon-
2293 1430 2294 1494 p

227 1481 377 1568 Multae
409 1493 635 1588 gravissimae
668 1519 792 1566 causae
826 1507 929 1582 sunt,
963 1507 1109 1586 propter
1141 1515 1229 1588 quas
1276 1503 1372 1574 tibur
1397 1497 1502 1596 ω’)
1524 1523 1720 1591 ruugruuru
1745 1500 1940 1574 videamus,
1988 1495 2129 1570 Deinde
2147 1514 2255 1580 magns
2293 1515 2294 1558 t

227 947 498 1024 Illuslrr'ssimo
534 943 704 1049 Principi
741 973 787 1022 uc
820 945 1008 1042 Domino,
1055 947 1225 1022 Domino

155 1061 157 1066 '
227 1051 438 1140 Alherto,
461 1045 692 1124 Marouioni
713 1047 1090 1152 Brundenburgensi,
1122 1051 1229 1124 Duri

228 1151 424 1241 Prassiae,
456 1149 700 1226 Pomeraniae
725 1165 806 1244 ete,
839 1152 1081 1256 Burggrauio
1108 1151 1227 1229 Nori-

228 1255 415 1356 bsrgsnsi,
429 1253 598 1328 Domino
614 1254 909 1350 clementissimo,
924 1257 1128 1360 Philippus
1135 1253 1227 1330 Me-

582 1351 743 1432 Ianthen
768 1361 806 1434 S·
821 1359 868 1438 D.

105 1609 108 1616 '
230 1599 333 1670 valde
348 1598 549 1692 prodest-in
562 1593 740 1683 Ecclesia,
764 1598 953 1669 autoritate
967 1596 1108 1688 publica
1132 1609 1168 1667 et
1190 1595 1229 1664 in
1276 1619 1531 1697 paranetarum
1549 1601 1792 1674 atterentium
1815 1597 2147 1691 interpretationum
2167 1593 2255 1686 plena

231 1701 472 1772 monumentis
489 1699 641 1791 publicis
656 1701 858 1769 conservari
880 1699 973 1770 etad
990 1699 1228 1791 posteritatem
1276 1721 1345 1792 err,
1369 1705 1673 1796 corruptelarum,
1697 1725 1785 1800 quas
1802 1699 1946 1798 explodi
1966 1725 2009 1772 en
2031 1711 2107 1774 tuta
2118 1693 2256 1770 Ecclesia

231 1803 423 1874 transmitti
439 1799 638 1873 testimonia
660 1815 695 1872 et
713 1799 1021 1894 interpretationes
1036 1800 1080 1871 ab
1095 1799 1230 1871 autori·
1277 1831 1415 1880 recursu
1431 1821 1516 1880 urat,

231 1905 299 1975 bus
313 1905 381 1975 fide
394 1904 512 1994 dignis
526 1915 700 1994 acceptas,
726 1905 856 1998 quibus
872 1901 1001 1972 indicia
1016 1901 1230 1996 posteritatis
1377 1909 1447 1980 Hir
1462 1907 1646 1982 fatendum
1663 1903 1974 1993 est,iustissimam
1989 1923 2067 1976 esse
2082 1893 2257 1994 reprehen·
2294 1920 2295 1968 t

232 2021 267 2078 et
282 2019 497 2098 reganturet
512 2005 777 2080 confirmentur.
819 2001 907 2075 Vult
930 2006 1026 2074 enirn
1052 2005 1147 2074 filius
1162 2003 1230 2076 Dei
1276 2011 1413 2082 sionem
1438 2012 1597 2084 inscitiae
1623 2023 1658 2082 et
1680 2009 1849 2082 audaciae
1873 2005 2071 2080 multorum
2100 1999 2257 2092 interpre-
2294 2015 2295 2030 ¹

233 2109 446 2180 infirmiores
459 2108 505 2178 ab
522 2106 776 2178 eruditioribus
794 2119 828 2178 et
847 2105 1066 2177 firmioribus
1082 2107 1231 2178 adiuva-
1276 2129 1372 2201 turn,
1386 2113 1452 2208 qui
1466 2139 1540 2186 nun
1555 2115 1782 2186 illustrarunt
1793 2102 2006 2202 prophetica
2022 2119 2060 2180 st
2071 2101 2257 2198 Apostolica

232 2209 283 2296 ri,
303 2211 525 2304 utscriptum
549 2221 617 2280 est:
643 2221 677 2280 et
696 2223 737 2282 tu
757 2231 948 2280 conversus
969 2209 1139 2294 confirma
1156 2209 1231 2278 lra-
1277 2231 1528 2302 monumenta,
1565 2217 1626 2288 scd
1656 2215 1824 2286 sordibus
1854 2224 1891 2284 et
1922 2233 2033 2282 coeno
2068 2209 2258 2280 obnrernnt.

233 2327 306 2384 tres
325 2327 417 2387 tuos.
469 2307 522 2382 Ar
547 2309 726 2382 laetantur
747 2334 869 2382 omnes
892 2312 1006 2384 bonae
1028 2323 1165 2380 mentes
1191 2310 1230 2380 in
1278 2317 1351 2390 Nec
1372 2318 1411 2387 in
1432 2313 1562 2390 horum
1578 2317 1802 2388 enarratione
1817 2306 2206 2390 tantumlsocestritiir
2226 2315 2259 2372 nt

151 2511 153 2516 s
234 2411 410 2500 Ecclesia,
447 2437 529 2484 cum
552 2413 676 2503 legunt
696 2411 931 2486 vetustissima
959 2413 1160 2484 testimonia
1186 2413 1231 2482 de
1278 2413 1994 2508 alluuitharnsunrt‚aliudpos,1ricnt
2014 2415 2061 2486 dc
2078 2407 2259 2485 errantibus

233 2518 347 2587 tribus
388 2515 549 2608 personis
582 2515 799 2602 divinitatis,
842 2515 971 2586 tradita
1003 2539 1024 2586 a
1056 2511 1231 2605 Gregorio
1279 2522 1494 2592 insultando
1510 2521 1660 2604 dicitnr,
1685 2521 1744 2590 sed
1762 2519 1867 2590 etiam
1888 2539 1991 2608 saepe
2007 2527 2118 2586 tetrae
2139 2523 2172 2584 et
2193 2529 2259 2600 per·

235 2615 538 2698 Neocaesariensi‚
562 2618 607 2687 ab
624 2614 786 2704 Irenaeo,
811 2617 856 2688 ab
871 2613 1028 2690 Eusebio
1043 2613 1233 2703 Palestino,
1279 2624 1433 2694 ulriusue
1451 2617 1750 2694 hallucinatione·
1763 2619 1938 2691 admixtae
1953 2630 2053 2692 runt,
2090 2610 2259 2700 Origenes,
2295 2649 2296 2654 κ

235 2745 341 2816 quem
356 2717 512 2790 Basilius
528 2717 621 2794 titel·
1280 2721 1439 2798 Thomas
1452 2739 1488 2798 et
1504 2726 1609 2798 multi
1628 2720 1693 2796 hos
1709 2722 1839 2805 secuti,
1863 2721 1900 2790 in
1916 2718 2029 2792 Paulo
2054 2731 2128 2793 tota
2142 2715 2211 2790 vias
2232 2721 2259 2776 ‘¹

338 2821 497 2913 Adparet
530 2835 647 2892 autern
685 2819 899 2892 mediocrem
937 2821 1047 2894 luisse
1080 2821 1233 2912 diligen·
1280 2851 1381 2913 vere,
1405 2840 1444 2898 ut
1466 2827 1615 2910 dicitur,
1641 2841 1719 2898 toto
1739 2824 1838 2896 coelo
1861 2835 1992 2894 errant.
2041 2813 2260 2910 Augustinus

236 2925 321 2996 tiam
363 2923 659 3016 gubernatorum,
715 2923 779 3016 qui
826 2925 1026 2996 docuerunt
1062 2922 1101 2992 in
1144 2924 1233 2994 urbe
1280 2929 1458 3000 dexterior
1471 2942 1534 3002 est.
1585 2927 1655 3002 Sed
1671 2923 1897 2998 huiusotiam
1911 2945 2021 3016 quant
2038 2921 2173 2995 mttltae
2190 2923 2260 2986 sunl

236 3024 473 3108 Alexandria,
496 3025 580 3096 item
606 3025 645 3094 in
661 3025 751 3096 urbe
766 3023 936 3097 Caesarea
960 3039 994 3096 et
1008 3019 1233 3112 Antiochiae,
1281 3031 1434 3124 ineptiae
1458 3031 1497 3100 in
1518 3029 1741 3100 Psalmornrn
1766 3025 2012 3110 enarratione,
2040 3022 2129 3117 qnia
2149 3013 2262 3090 Ebrtl·

236 3129 276 3198 in
302 3127 543 3200 custodiendis
568 3127 709 3218 scriptis
741 3149 886 3214 eornm,
942 3127 1006 3222 qui
1039 3125 1234 3219 Apostolo·
1281 3133 1498 3223 caelingnae
1517 3131 1753 3222 ignarosluit.
1804 3125 1883 3202 Etsi
1898 3141 2017 3198 autem
2030 3123 2138 3196 multi
2153 3134 2184 3190 et
2197 3119 2260 3186 lue-

237 3253 318 3301 rum
340 3231 519 3302 auditores
541 3229 661 3298 fideles
685 3209 881 3324 fuerantl).
922 3227 995 3301 Sed
1019 3253 1100 3299 cum
1126 3229 1166 3298 in
1189 3229 1233 3298 il·
1281 3248 1378 3314 runt,
1394 3249 1428 3304 et
1442 3247 1537 3318 sunt,
1551 3247 1587 3305 et
1600 3247 1703 3304 eruut
1715 3230 1850 3303 indocti
1865 3228 2090 3320 interpretem
2107 3221 2261 3296 allabun-

237 3333 282 3402 lis
317 3331 406 3403 locis
434 3330 631 3423 petulantia
665 3341 700 3400 et
732 3331 872 3402 malicia·
900 3331 1126 3422 ingeniorum
1162 3331 1234 3400 dis·
1282 3335 1711 3430 turaliquandoeruditi,
1736 3345 1946 3404 tamennon
1967 3324 2262 3421 proptereaiuter·

237 3433 337 3506 sidiis
367 3432 580 3527 opinionum
601 3427 777 3504 Ecclesias
800 3433 1024 3505 dilacerasset
1041 3457 1081 3504 ac
1103 3457 1234 3524 poenas
1282 3437 1431 3530 prelatio
1454 3437 1571 3508 omnis
1594 3462 1636 3506 ex
1652 3433 1808 3508 Ecclesia
1831 3433 1989 3504 tollenda
2006 3443 2083 3516 est,
2106 3441 2146 3500 ut
2166 3445 2260 3519 quau*

236 3536 447 3621 attraxisset,
482 3547 601 3624 gentes
628 3535 798 3606 barbarae
823 3535 959 3607 infusae
979 3535 1088 3606 simul
1110 3529 1235 3604 Eccle-
1282 3565 1387 3634 quam
1412 3539 1621 3612 multisunt
1644 3533 1966 3628 lrnpostoros,2qoi
1985 3553 2023 3606 se
2046 3555 2115 3626 pro
2135 3521 2261 3600 medicis

237 3639 326 3724 sias,
348 3639 459 3710 libros
482 3649 517 3708 et
538 3637 644 3705 nrbes
663 3635 882 3708 deleverunt.
934 3637 976 3708 ln
990 3633 1138 3729 Europa
1164 3635 1235 3704 mi·
1281 3642 1485 3724 venditant,
1511 3653 1628 3712 tamen
1646 3651 1921 3730 nonproptsrea
1945 3633 2047 3706 nulla
2058 3646 2262 3708 astatsme·

237 3739 391 3826 nonfuit
411 3763 495 3810 cura
513 3737 692 3828 deligendi
714 3751 750 3808 et
766 3739 990 3834 custodiendi
1004 3751 1122 3810 vetera
1145 3738 1233 3808 scri·
1282 3745 1371 3830 dica,
1385 3769 1449 3812 nee
1466 3743 1561 3813 docti
1574 3757 1609 3814 et
1620 3737 1649 3834 ³)
1664 3741 1785 3810 fideles
1802 3733 1930 3810 modirai
1946 3733 2160 3826 aspernandi
2173 3739 2252 3800 snut·

238 3856 306 3936 pta.
357 3840 428 3913 Sed
443 3853 561 3911 tomen
575 3837 653 3912 Deo
668 3839 797 3930 gratias
816 3863 979 3932 agamus,
1004 3841 1105 3912 cuius
1129 3841 1235 3910 boni·
1383 3843 1640 3933 Intelligamus,
1662 3841 1819 3913 ulfinum
1830 3836 2035 3930 interpretis
2049 3851 2085 3912 et
2099 3845 2261 3908 tenemus

237 3958 306 4016 tate
321 3943 452 4014 lactum
466 3956 536 4023 est,
560 3955 602 4014 ut
615 3943 733 4036 aliqua
747 3937 906 4036 quamvis
923 3944 1046 4032 exigua
1060 3955 1093 4014 et
1108 3941 1234 4012 mutila
1284 3946 1549 4017 enarratiunuru
1573 3958 1704 4024 uretur,
1730 3965 1771 4016 ar
1786 3941 1837 4014 sit
1856 3941 2013 4012 delectus
2034 3934 2262 4028 interpretum,

238 4046 432 4136 fragmenta
455 4044 651 4135 supersint,
677 4068 766 4138 quae
786 4057 906 4116 tamen
925 4047 1031 4115 bonis
1055 4044 1234 4116 mentibus
1282 4061 1317 4119 et
1338 4071 1394 4120 res
1417 4049 1509 4118 duae
1533 4045 1573 4116 iu
1596 4043 1819 4118 enarratione
1843 4040 2032 4133 praecipuo
2052 4044 2262 4134 merantur,

238 4144 433 4238 gratissima
454 4159 549 4216 sunt.
600 4141 693 4216 Cum
713 4160 829 4216 autem
853 4148 1102 4238 negligentiam
1129 4169 1234 4238 supe-
1280 4151 1434 4222 illustret
1447 4147 1636 4219 lectionem
1652 4139 1864 4236 Antoris⁴·),
1878 4157 1913 4216 et
1929 4141 2119 4234 explicatio
2131 4139 2176 4210 sit
2188 4155 2262 4204 con·

238 4249 374 4320 riorum
396 4261 596 4340 temporum
608 4247 876 4338 ,vituperemum
895 4250 1006 4320 simus
1029 4271 1095 4320 nos
1112 4248 1152 4318 in
1170 4249 1233 4316 de·
1278 4252 1383 4324 fessio
1400 4275 1503 4322 verae
1516 4248 1730 4332 sententiae,
1743 4261 1780 4318 et
1794 4243 2041 4318 testimonium
2053 4239 2261 4334 profestorum

239 4351 332 4422 lectu
346 4349 631 4434 enarrationum,
654 4360 688 4420 et
703 4348 743 4418 in
758 4349 998 4420 custodiendis
1012 4349 1117 4422 bonis
1132 4347 1234 4419 libris
1280 4353 1440 4444 posteris.
1489 4351 1573 4423 Non
1588 4352 1689 4422 ludat
1708 4346 1886 4440 lnterpres
1908 4357 1951 4418 ut
1965 4335 2263 4416 HuaclidesPon·

238 4451 498 4541 diligentiores,
519 4475 590 4546 qua
610 4449 755 4544 quidem
779 4449 819 4520 in
841 4475 879 4522 re
901 4451 1064 4523 adiuvari
1081 4453 1234 4542 privatos
1280 4455 1388 4541 tirus,
1413 4467 1447 4524 et
1459 4453 1613 4536 similes,
1638 4445 1952 4520 HomericosDeos
1967 4447 2008 4516 iu
2022 4439 2260 4540 physiologiam

239 4567 273 4623 et
282 4553 412 4644 ¹inopes
428 4549 570 4642 Regum
591 4567 627 4624 et
641 4549 848 4644 Principum
865 4553 995 4644 pietate
1016 4567 1051 4626 et
1074 4551 1234 4624 liberali·
1279 4557 1544 4628 trsnrformant.
1588 4547 1752 4624 Omnino
1767 4548 1902 4630 frenari
1916 4547 2099 4620 aradorium
2115 4537 2259 4633 ingenio

238 4669 308 4729 tate
323 4654 525 4746 oportebat,
540 4651 611 4725 Sed
627 4653 731 4746 pauci
746 4654 786 4724 in
801 4647 869 4726 hoc
882 4678 1010 4748 genere
1023 4655 1234 4726 munificen-
1282 4681 1362 4728 rum
1378 4677 1515 4726 necesse
1531 4665 1603 4738 est,
1626 4665 1661 4722 et
1674 4645 1741 4744 hae
1756 4651 1898 4740 regulae
1911 4661 2116 4722 constanter
2128 4661 2260 4737 sequen·

238 4757 309 4834 tine
322 4757 465 4828 laudem
479 4769 614 4830 amant.
1281 4759 1347 4828 dae
1368 4770 1469 4828 sunt:
1507 4754 1537 4825 si
1559 4754 1640 4846 quis
1660 4752 1756 4824 aliud
1780 4747 2015 4842 Evangelinm
2037 4751 2159 4831 docet,
2188 4761 2260 4814 ant·

341 4856 557 4950 Quanquam
578 4869 695 4928 antem
714 4851 972 4929 nonalienum
1000 4867 1075 4928 erat
1098 4848 1234 4925 abhoc
1282 4853 1401 4930 mama
1421 4857 1478 4928 sit.
1534 4851 1584 4927 Et
1606 4867 1648 4926 ut
1668 4856 1715 4926 ad
1735 4851 1919 4926 Romanos
1941 4851 2195 4943 scriptumest:
2224 4839 2259 4908 sit

239 4962 335 5048 loco,
366 4959 558 5054 prolixiore
581 4959 724 5052 querela
752 4961 938 5052 deplorare
955 4961 1233 5051 gubernatorum
1283 4961 1432 5052 analoga
1451 4957 1536 5030 lidei
1552 4955 1809 5052 interpretatio.
1859 4951 1908 5026 Et
1922 4951 2019 5026 Petri
2040 4959 2258 5048 praereptum:

240 5063 277 5132 in
295 5059 359 5132 hae
376 5087 414 5132 re
431 5060 701 5154 negligentiam,
725 5063 822 5132 unde
837 5074 915 5132 orta
932 5061 1071 5134 inscitia
1086 5081 1233 5148 magnos
2091 5057 2094 5062 ’

239 5185 376 5242 errores
393 5163 432 5234 in
457 5163 591 5258 populo
611 5161 803 5252 stabilivit,
829 5176 947 5236 tamen
969 5162 1038 5235 alia
1059 5163 1233 5256 quaedam
1318 5227 1346 5298 'j
1367 5225 1436 5282 Ded
1462 5240 1520 5280 eos.

240 5321 465 5342 ...........
1319 5314 1349 5386 8)
1367 5320 1409 5380 et]
1427 5311 1508 5368 Dsol.
1527 5317 1574 5366 ne.¹

267 5407 302 5470 ’1)
322 5400 399 5458 Deel.
411 5401 542 5474 suerunt.
1322 5401 1352 5469 4)
1371 5397 1454 5454 Deci.
1472 5392 1627 5452 Auditum.
