4654 5816
76 203 79 212 ’
150 210 157 218 ’
242 205 318 314 ser
826 237 1262 316 uetsuotnouu
1312 241 1522 322 trouu.
1572 239 1706 324 reso.
2215 241 2284 314 on

254 427 330 484 tum
353 427 406 484 est
425 427 485 486 tus
509 435 598 484 vena
624 413 862 506 praecipuum.
929 409 1144 482 incluserant
1168 409 1242 482 No-
1295 415 1452 506 exempla
1477 435 1685 506 magnorum
1701 413 1928 507 Principum,
1954 414 2017 510 qui
2037 413 2143 486 etiam
2163 411 2285 481 armati
2321 413 2322 422 ’

254 515 378 586 misma
401 539 558 608 quoque3
585 517 645 610 sed
667 540 746 586 cum
760 537 834 583 non
852 509 979 599 sciam,
1004 537 1051 582 au
1069 513 1242 606 acceperis
1296 515 1334 584 in
1352 517 1455 588 bellis
1471 530 1704 608 pepercerunt
1719 517 1842 586 infimo
1860 517 2065 610 praesertim
2082 514 2205 604 generi
2222 509 2283 580 ho-

175 633 192 674 (
255 642 331 688 earn
354 617 556 707 epistolam,
589 641 711 688 rursus
736 615 913 687 nuncubi
932 614 1059 706 gratias
1076 639 1140 706 ago
1159 615 1242 706 pub.
1296 617 1453 703 minum,
1477 619 1666 711 siquando
1684 619 1801 690 verbis
1817 619 1902 690 laesi
1919 631 2031 690 erant.
2082 615 2285 706 Aesapien-

255 719 438 790 literarum
456 719 618 803 nominc,
644 733 677 790 ct
692 713 806 787 habeo
823 716 968 806 gratiam
987 731 1165 810 perpetuo,
1192 729 1244 786 te·
1295 717 1366 787 tiae
1389 733 1425 790 et
1446 720 1602 789 lenitatis
1626 733 1707 790 tuac
1727 733 1779 790 est
1800 733 1871 790 tarn
1887 720 1978 790 tristi
1996 733 2152 808 tempore
2170 715 2285 784 multis

256 845 325 917 que
345 846 426 906 oro,
451 836 491 892 ut
513 822 615 895 nubis
633 821 810 890 interdum
828 817 980 902 scribas,
1004 844 1049 889 ne
1068 815 1151 888 baec
1171 817 1243 888 col·
1297 819 1409 890 lenire
1440 821 1663 894 calamitates.
1736 819 1857 909 Quare
1890 835 1925 893 te
1957 821 2114 912 primum
2148 833 2286 908 propter

255 923 376 1016 loquio
402 921 494 998 iuter
518 946 582 992 nos
608 945 750 1012 prorsus
772 921 1015 994 conticescant.
1065 917 1138 990 Nec
1164 919 1243 988 volo
1297 923 1414 994 Deum
1430 947 1506 1008 oro,
1529 923 1697 1011 ruigrata
1714 937 1765 992 est
1781 919 1866 994 haec
1878 921 2135 1004 misericordia,
2151 933 2192 990 ut
2210 914 2286 986 bule

255 1025 362 1096 scribi
384 1047 442 1110 ea,
466 1049 555 1118 quac
576 1025 653 1096 siue
675 1023 830 1114 periculo
858 1022 982 1112 attingi
1000 1047 1072 1092 nou
1087 1033 1244 1114 possunt.
1298 1024 1426 1094 miseco
1448 1027 1528 1108 des,
1561 1047 1712 1116 eumque
1735 1023 1893 1096 dimittar
1912 1023 2137 1094 incolumem.
2191 1019 2286 1090 Nosti

255 1123 365 1198 Mitto
397 1125 580 1218 epistolam
615 1127 658 1194 ad
692 1116 888 1218 Iulium*)
918 1125 1036 1194 subito
1070 1123 1246 1213 scriptam,
1298 1126 1392 1194 enim
1416 1125 1623 1196 sententiam
1644 1147 1745 1217 saepe
1767 1127 1805 1196 in
1829 1126 1961 1196 divinis
1987 1123 2140 1194 oraculis
2161 1120 2285 1214 repeti·

257 1251 364 1324 quam
387 1251 460 1300 non
483 1227 685 1318 obsignavi,
724 1227 781 1298 sed
808 1225 837 1294 si
860 1225 1068 1295 mittendam
1092 1221 1245 1317 putabis,
1299 1239 1390 1311 tam,
1415 1251 1521 1322 quam
1537 1225 1778 1296 Nazianzenus
1793 1222 1851 1296 his
1866 1227 2027 1298 versibus
2043 1223 2183 1294 recitat:

257 1329 378 1448 addito
395 1323 607 1446 σφραγῖδα..
650 1325 739 1398 Nam
760 1351 823 1396 nec
839 1351 902 1446 ego
918 1343 1009 1446 certa
1027 1341 1119 1447 utor.
1151 1323 1245 1442 Scio,
1382 1351 1436 1418 ,pp
1453 1347 1540 1427 ⁰15⁶,
1554 1351 1679 1461 ἔφλων,
1700 1353 1750 1416 m,
1767 1352 1945 1438 „opmm
1960 1353 1997 1418 ,p
2019 1357 2131 1436 πρᾶον,
2322 1335 2323 1380 t

255 1443 411 1525 potursse
433 1431 488 1502 vel
509 1431 652 1502 mollius
677 1427 733 1500 vel
755 1453 912 1518 aspertus
931 1431 1055 1498 scrrbr:
1084 1440 1117 1498 et
1131 1425 1245 1520 qualrs
1382 1437 1547 1524 oierpydp
1562 1441 1727 1514 unicornui
1746 1439 1817 1528 Θεῷ
1830 1437 2058 1523 σταθμήσεται.

258 1535 390 1602 “ndffl'
406 1531 449 1602 ’ᾖ
464 1531 697 1614 iudici‘ifflm’
719 1554 792 1598 ⁰⁰¹¹
812 1530 947 1618 ῐὲῃοῗο·
1000 1527 1070 1602 sid
1085 1527 1246 1644 Placebit:
1298 1557 1437 1629 Deinde
1452 1585 1535 1644 oro,
1562 1573 1602 1629 ut
1616 1585 1692 1630 mea
1709 1573 1743 1630 et
1756 1561 1908 1630 aliorum
1925 1553 2216 1629 scholasticorum
2232 1561 2288 1626 de-

258 1634 405 1724 opinor‚
430 1633 495 1703 tibi
519 1635 580 1704 illa
603 1632 847 1702 venustissima
863 1625 1057 1702 Stesichori
1073 1654 1157 1708 vox,
1185 1651 1245 1720 qut
1301 1662 1812 1752 preemponeplsscari,esim
1855 1659 1935 1732 Etsi
1951 1663 2045 1729 enim
2064 1663 2201 1729 suntin
2219 1657 2286 1732 Re·

258 1735 318 1819 ait,
343 1735 477 1804 cicadas
494 1735 594 1832 queri
608 1737 653 1801 de
671 1733 833 1802 violentis
851 1731 1017 1824 imperiis.
1055 1728 1247 1800 Commcn-
1299 1762 1383 1854 pub·
1409 1763 1573 1845 dissidia,
1611 1777 1729 1832 tamen
1760 1763 1942 1833 literarum
1967 1763 2082 1831 studia
2108 1785 2183 1830 non
2209 1773 2286 1830 sun,

256 1839 435 1906 domm
449 1833 753 1924 D⁰⁰¹¹⁰⁵⁰¹¹¹¹¹²⁸·
790 1829 990 1904 Beumle·
1030 1828 1245 1902 ⁶·di‘hffii·
1300 1863 1515 1948 abiicienda,
1549 1877 1584 1933 et
1616 1863 1751 1954 agmini
1781 1859 1987 1934 scholastico
2022 1877 2074 1953 te,
2107 1856 2285 1931 hominem

945 1929 1144 2026 Philippu&
1299 1961 1599 2048 eruditissimum,
1638 1967 1729 2032 benc
1760 1965 1867 2046 velle,
1909 1989 1983 2034 nou
2009 1963 2149 2033 dubito.
2210 1963 2285 2032 Scio

1301 2080 1434 2152 autern,
1459 2062 1526 2136 hoc
1549 2080 1650 2137 tuum
1672 2065 1881 2135 beneficium
1904 2065 2028 2134 multis
2051 2079 2189 2152 gratum
2208 2065 2287 2146 fore,

527 2211 530 2218 ·
1300 2169 1359 2260 qui
1377 2169 1480 2236 fldem
1497 2163 1602 2236 huius
1617 2165 1793 2237 tabellarii
1807 2167 1973 2258 probant,
1993 2168 2085 2256 apud
2102 2190 2193 2258 quos
2207 2161 2286 2232 haec
2323 2221 2324 2242 ,

254 2273 461 2353 Nattae
503 2327 506 2334 .
1141 2275 1245 2346 7.lol.
1300 2283 1359 2338 tua
1376 2267 1558 2338 clementia
1577 2282 1609 2336 at
1626 2267 1818 2362 sapientiae
1833 2282 1922 2352 tuae,
1947 2281 1982 2338 et
1997 2267 2137 2334 virtutis
2155 2267 2287 2334 illustre
2323 2249 2324 2318 i

260 2371 472 2412 “st’‘
1146 2367 1247 2402 *Ν
1300 2369 1540 2440 testimonium
1566 2371 1643 2440 erit.
1709 2369 1783 2440 Nec
1808 2371 1955 2460 opinor,
1995 2383 2028 2438 te
2056 2391 2203 2458 prorsus
2228 2361 2287 2434 bos

614 2459 654 2546 Ῑ.
680 2457 886 2580 Psittgt'o.
1298 2469 1507 2541 Cicadarum
1533 2471 1704 2540 clamores
1727 2469 1925 2560 aspernari,
1957 2469 2155 2564 dequibus
2181 2465 2287 2538 Stesi-

324 2619 361 2673 Es
374 2637 467 2692 apogr.
479 2620 506 2675 in
520 2619 581 2676 eod.
596 2619 678 2676 Gotb.
695 2623 752 2678 tas.
769 2642 812 2696 ep.
830 2621 901 2688 116„
927 2619 974 2674 ubi
989 2617 1086 2692 legitur
1098 2617 1186 2673 media
1200 2619 1244 2672 in·
1299 2567 1427 2642 ch⁰m⁸
1447 2572 1577 2666 inquw

355 2699 430 2812 tserde
451 2689 543 2772 istoulae
557 2689 596 2772 ⁸sd
610 2690 757 2774 Stigelium·
775 2693 903 2763 scriptas.
928 2689 1004 2761 qussi
1024 2689 1094 2770 edita
1111 2688 1182 2744 iuter
1194 2707 1245 2744 ras.
1380 2699 1418 2766 oti
1440 2702 1491 2766 δεῖ
1506 2697 1657 2785 ὑβριστὰς
1677 2695 1769 2780 εἶναι,
1792 2698 1878 2778 ὅπως
1897 2698 1942 2783 μὴ
1966 2695 2002 2765 οἷ

377 2777 391 2812 e
450 2777 542 2812 aornos
556 2775 585 2812 ru
600 2776 660 2830 epp.
672 2761 705 2814 ad
718 2760 813 2834 stiget.
827 2779 886 2814 erm
902 2777 958 2812 non
976 2757 1060 2812 dedat.
1382 2786 1513 2870 ,imm
1531 2782 1676 2868 χαμόθεν
1694 2783 1822 2850 &pom

254 2901 574 2982 Reverendissimo
599 2908 786 2998 Domino,
823 2907 873 2986 D.
895 2907 925 2981 I
930 2905 1043 2990 ulio,
1077 2903 1245 3010 [Pfluglr]
1297 2907 1394 2981 Haec
1423 2909 1618 3002 simplicius
1653 2921 1687 2979 et
1713 2908 1829 2978 subito
1856 2905 2000 2999 scripsi,
2030 2921 2089 2976 tua
2117 2905 2287 2996 sapientia

254 3009 489 3110 Episcopo
507 3008 861 3108 Neoburgensi,
885 3008 1077 3084 nobilitate
1090 3009 1245 3105 generis,
1298 3013 1425 3090 fretus,
1450 3025 1553 3104 teque
1579 3035 1663 3093 oro,
1690 3025 1729 3080 ut
1748 3005 1839 3078 hanc
1856 3009 2039 3098 epistolam
2057 3006 2144 3074 boni
2162 3031 2287 3076 conso-

253 3112 460 3208 sopientio,
495 3110 696 3184 eruditione
717 3125 748 3185 et
765 3113 892 3185 virtute
906 3110 1136 3210 praestanti,
1159 3109 1244 3182 Do-
1299 3113 1359 3185 las.
1384 3111 1482 3181 Bone
1498 3126 1532 3180 et
1546 3112 1694 3180 feliciter
1709 3111 1796 3182 vale.
1824 3107 1937 3179 Nonis
1954 3107 2035 3178 {ulii
2054 3105 2162 3176 Anno
2182 3105 2286 3178 1550.

393 3213 494 3286 mino
509 3239 576 3286 suo
594 3225 787 3287 reverenter
803 3212 970 3304 colendo,
996 3215 1034 3291 S.
1049 3217 1097 3288 D.
1398 3209 1716 3285 Refercndissimaa
1729 3209 1965 3282 dominationi
1980 3221 2061 3278 tuae
2077 3209 2233 3290 deditus.

253 3347 507 3432 Reverendiss.
526 3357 691 3436 Domine.
736 3361 888 3446 Faciam,
911 3378 949 3435 ut
966 3389 1061 3435 nunc
1075 3363 1242 3434 usitatum
1761 3307 1948 3406 PbffiPPffl
1962 3305 2191 3380 Milflssihffl'·

253 3476 318 3538 est.
381 3457 531 3532 Causam
557 3485 658 3554 agam
683 3460 773 3533 mibi
800 3466 975 3556 ignotam,
1018 3467 1077 3535 sed
1104 3489 1177 3534 nou
1205 3477 1245 3535 nt

148 3575 157 3584 ‘
255 3575 456 3646 aecusator,
496 3577 557 3634 aut
586 3564 765 3650 defensor,
803 3591 924 3636 verum
955 3581 996 3639 ut
1028 3569 1244 3658 deprecator.

255 3661 376 3738 Audio
401 3666 578 3757 captivum
604 3667 717 3736 teneri
745 3667 783 3738 in
806 3669 939 3761 oppido
965 3683 1027 3740 tuo
1052 3665 1243 3756 Naoborgo

254 3765 520 3838 Herrmauuum
562 3763 780 3855 determina,
818 3765 999 3840 hominem
1039 3793 1244 3861 pauperem,
1772 3834 1784 3862 ‚
1977 3834 1986 3854 ,

255 3863 482 3962 quaerentem
513 3868 645 3940 victum
671 3871 792 3942 labore
818 3870 1012 3952 tabellarii,
1049 3871 1180 3962 quain
1206 3895 1244 3940 re
1566 3833 1717 3920 ῙθαθῙὶ·
1747 3831 2024 3921 mmmm·

255 3964 348 4044 mihi
368 3969 453 4038 fides
473 3969 566 4056 eius,
597 3971 702 4042 etiam
730 3973 769 4042 in
791 3974 940 4067 pecunia
965 3971 1193 4043 uastodienda
1211 3983 1246 4042 et
1348 3993 1433 4068 repta
1451 3992 1484 4049 ,a
1504 3994 1643 4050 omem,
1663 4013 1691 4066 p.
1703 3992 1754 4047 sut
1766 4011 1806 4063 sq.
1835 3992 1891 4055 aa.
1910 3989 1995 4048 tona.
2019 3989 2064 4048 tis.
2078 3989 2125 4048 ιν.
2144 4009 2191 4066 ep.
2204 3991 2284 4062 ns.)

255 4071 484 4168 perferenda,
516 4084 597 4141 aute
626 4075 757 4145 multos
786 4099 899 4145 annos
918 4075 1058 4166 cogarita
1081 4087 1142 4143 cst.
1197 4069 1246 4142 Et
1400 4063 1462 4118 ΝΜ
1481 4082 1555 4118 ¹⁰⁰⁰
1575 4063 1667 4124 Μ·
1691 4073 1721 4146 ⁰¹,
1739 4061 1828 4144 “diff’'
1846 4060 1967 4144 papate.
1990 4059 2091 4131 rertpu
2109 4070 2151 4141 ²⁸!
2169 4061 2286 4130 ‘ridde

1398 4133 1444 4188 sed
1459 4151 1484 4188 a.
1498 4133 1587 4195 1550.,
1605 4149 1688 4204 quum
1702 4131 1795 4182 bobun
1810 4141 1921 4199 noptrae
1934 4129 2068 4182 secundae
2080 4125 2185 4181 fuermt
2199 4145 2284 4180 mense

255 4166 346 4242 mihi
367 4169 610 4261 significarunt
629 4173 703 4244 eim
724 4176 846 4262 amiel,
870 4199 946 4247 ΜΠ
961 4171 1059 4247 aliud
1077 4175 1244 4244 delictum
1401 4201 1479 4256 lunio
1503 4201 1578 4257 1550.
1607 4195 1830 4270 „Epithalamiou
1849 4199 1882 4250 de
1901 4215 1936 4248 nu
1958 4195 2001 4248 tiis
2020 4195 2132 4263 Georgii
2152 4197 2245 4249 Sebini
2263 4205 2285 4248 et

257 4275 292 4343 ei
305 4273 430 4358 obiici,
456 4272 525 4342 nisi
543 4273 715 4370 quaedam
733 4277 837 4348 stulte
852 4277 961 4362 dicta,
987 4300 1076 4373 quae
1089 4275 1245 4351 fortassis
1402 4273 1511 4352 aneae,
1530 4269 1575 4350 (¹¹³⁵
1589 4265 1776 4360 ChJ³⁵¹⁰eb⁰fi
1791 4267 1917 4388 Crsnputi
1932 4218 2285 4386 lipsimpnbnbggpttpfp

258 4399 332 4446 uon
350 4371 419 4446 iam
434 4373 725 4450 sobriuscfiudit.
775 4375 929 4448 Miratus
943 4403 1038 4462 sum,
1061 4373 1243 4446 hominem
1399 4339 1807 4476 fffissi⁸,ff'g¹{,‘„⁰„,',‘‚⁸i⁴,⁰,'„}i,
1823 4341 2168 4472 1215'22,⁹,i,0':¹⁸¹1¹,',·’1„2',‚
2187 4373 2283 4470 ,ng

257 4475 393 4569 alioqui
412 4479 610 4548 modulum
635 4471 702 4548 hoc
721 4489 878 4570 tempore
899 4491 973 4548 non
993 4480 1148 4548 frenasse
1174 4479 1244 4546 Ιὶῃ.
1400 4475 1540 4548 loquitur,
1557 4483 1598 4528 est
1614 4471 1733 4542 Alesios,
1750 4483 1776 4525 et
1789 4473 1908 4535 Sunrpes
1922 4477 1962 4522 est
1976 4463 2150 4542 Schuepfios.

258 4601 383 4669 pam,
414 4600 485 4670 quo
510 4603 585 4647 non
606 4580 726 4649 solum
743 4601 947 4650 sermonum
964 4578 1153 4660 acerbitas,
1184 4579 1243 4647 scd

258 4677 438 4754 silentium
466 4703 607 4772 quoquc
631 4681 785 4772 pericula
812 4682 943 4766 adfert,
980 4693 1020 4752 ut
1042 4681 1087 4749 de
1108 4675 1245 4749 Atticae

257 4779 410 4854 civitatis
427 4778 601 4850 discordia
617 4781 738 4852 scribit
753 4777 993 4878 Thucydides.
1028 4779 1099 4854 Sed
1116 4781 1155 4848 in
1170 4780 1243 4848 dis·

256 4880 481 4972 tensionibus
495 4869 660 4951 civilibus
675 4871 773 4952 nulla
794 4883 973 4976 vigilantia
989 4881 1103 4954 caveri
1122 4903 1245 4951 omnes
1298 4860 1345 4946 S.
1360 4871 1411 4947 D.
1448 4869 1740 4941 Honestissimam
1758 4869 1942 4957 coniugem
1958 4881 2053 4938 tuam
2069 4867 2215 4938 rediisse
2230 4867 2281 4935 iu-

256 4983 641 5076 offensionespossuut.
691 4979 768 5052 Etsi
785 5001 902 5056 atatem
916 4989 1001 5068 scio,
1024 5007 1099 5054 non
1116 4983 1244 5052 confir·
1298 4973 1471 5046 columem
1487 4973 1636 5060 gaudeo,
1664 4983 1697 5042 et
1713 4971 1824 5042 filium
1841 4967 1909 5038 Dei
1923 4969 2109 5038 dominum
2127 4983 2282 5040 nostrum

254 5089 423 5156 mandam
452 5108 525 5155 essa
548 5085 616 5155 'vul
643 5084 653 5102 '
682 5085 984 5180 maledicentiam,
1016 5083 1136 5160 tamen
1161 5096 1246 5153 uota
1302 5077 1413 5146 lesum
1428 5069 1706 5166 Christum-qni
1721 5071 1821 5156 dixit,
1845 5069 1958 5140 Nemo
1972 5069 2084 5162 rapiet
2096 5093 2180 5140 oves
2193 5089 2282 5138 meas

258 5199 342 5258 sunt
369 5183 455 5272 tibi,
494 5169 573 5258 viio
599 5108 702 5260 dieto
729 5201 765 5259 et
789 5187 960 5281 sapienti,
999 5193 1185 5282 praecepte
1210 5195 1246 5254 et
1297 5201 1339 5248 ex
1362 5175 1528 5248 manibus
1545 5173 1650 5258 meis,
1683 5195 1766 5256 oro,
1796 5183 1960 5242 uttotaro
1976 5167 2171 5240 Ecclesiam
2190 5183 2280 5243 tuam

258 5331 462 5354 .·..........
1296 5277 1523 5348 domesticam
1545 5287 1661 5345 servet
1681 5285 1717 5344 et
1737 5273 1919 5360 gubernet.
1983 5267 2103 5342 Erunt
2125 5274 2155 5340 ei
2180 5291 2281 5340 rurae

287 5411 317 5478 ⁸)
335 5405 387 5466 tot.
403 5402 515 5481 magt,
533 5409 591 5470 eta.
603 5410 682 5484 apae.
695 5429 751 5487 η.
1273 5486 1276 5498 1
1296 5377 1400 5453 etiam
1423 5377 1516 5450 inter
1536 5375 1659 5447 ruinas
1680 5397 1889 5466 reguum,
1913 5371 2070 5444 familiae
2081 5372 2280 5444 invocantes

1309 3627 1504 3726 Nomas.
2181 3649 2285 3769 ⁷.·.¹.':

1302 3747 1514 3788 Μ

1297 4619 1458 4700 Clorrss.
1490 4623 1568 4696 viro
1605 4617 1807 4694 straditione
1847 4629 1879 4692 et
1919 4617 2048 4690 virtute
2077 4619 2285 4715 praestanti

1301 4721 1542 4798 louehimo
1566 4717 1842 4795 Camerario
1860 4717 1987 4820 fratri
2000 4741 2068 4790 suo
2083 4720 2283 4802 carissimo,
