4682 5808
324 1477 660 1569 ANNAnns
698 1481 917 1566 Vl'l'Ahl
953 1477 1265 1568 PHllrlPPl
1306 1477 1840 1572 MnnoNrttoNtS.

952 1697 1218 1716 *m*-

122 2008 131 2068 l
915 1893 1081 1972 Atilio
1122 1897 1250 1976 tote.

135 2015 171 2072 ut.

143 2120 171 2178 2.
201 2105 372 2170 Conventus
386 2109 526 2169 ordinum
540 2105 685 2186 lllisniae,
712 2106 854 2191 adquam
870 2113 960 2169 etiem
976 2105 1154 2172 Melanthun
1172 2111 1378 2193 proficiscitur.

140 2218 168 2278 6.
199 2207 348 2272 Iudicium
362 2214 518 2292 prolixum
533 2206 762 2290 Theologorum
778 2213 811 2271 in
826 2223 977 2272 conventu
992 2211 1145 2274 traditum.

139 2317 168 2378 8.
198 2309 400 2374 Melanthunis
415 2317 561 2393 scriptum
577 2311 615 2372 de
627 2313 838 2374 iustificatione
854 2313 1036 2376 ardaburis
1052 2315 1205 2396 operibus.

36 2457 37 2490 1
95 2414 170 2492 (10.)
199 2412 372 2476 Melanthon
396 2415 471 2476 redit
487 2411 709 2495 Witobergam.

36 2527 37 2532 ’
100 2513 168 2596 Aug.

36 2631 37 2640 ¹
141 2625 169 2684 3.
197 2614 291 2678 Mittit
304 2619 408 2676 amicis
425 2617 521 2675 vitum
538 2612 725 2694 Hieronymi.

36 2719 37 2738 ¹
138 2719 168 2781 1.
198 2713 309 2778 lterum
325 2722 358 2778 in
374 2715 522 2800 Augilam
537 2731 661 2780 vocatur
677 2715 883 2783 aCranmaro.

122 2825 168 2884 10.
199 2817 349 2901 Theologi
362 2817 620 2900 Wittebergeusss
634 2821 671 2882 de
686 2823 766 2884 libro
779 2819 964 2903 Augustauu
978 2825 1113 2886 scribunt
1126 2821 1165 2884 ad
1179 2819 1357 2902 Theologos
1375 2815 1623 2902 Argantinanses.

120 2927 166 2988 tt.
200 2919 243 2983 lu.
256 2921 402 3002 Agricola
417 2921 616 2984 invehiturin
629 2920 867 2988 Melanthorrem.

117 3028 167 3088 20·
199 3021 270 3087 Mel.
285 3023 436 3106 praefatur
450 3027 483 3086 iu
497 3027 663 3086 orationem
677 3023 812 3106 Lycurgi
825 3039 936 3090 contra
944 3023 1136 3092 Leocratsm.
1176 3023 1386 3107 (Conl'erenda
1399 3037 1471 3090 sant
1480 3017 1561 3111 que
1575 3035 1703 3090 exeunte
1710 3021 1853 3105 Augusto
1870 3023 1906 3086 do
1925 3022 1983 3086 hou
2000 3025 2103 3086 libello

248 3130 367 3207 scripsit
383 3123 604 3208 christophoro
621 3125 808 3211 Pannonio.)

121 3229 167 3292 23·
201 3225 270 3290 tlst.
285 3241 332 3290 ast
344 3233 377 3289 io
391 3242 543 3290 conventu
559 3227 746 3310 Pegsvtenri.

198 3327 233 3391 ln
247 3330 346 3392 reditu
359 3344 419 3392 tres
433 3327 496 3394 dies
511 3346 715 3396 commoratur
728 3331 863 3418 Lipsiae.

120 3433 168 3494 80.
198 3429 252 3498 Fut
267 3437 377 3494 iterum
391 3431 599 3516 Witebcrgaa.

36 3555 37 3564 ¹
118 3536 169 3595 81.
199 3529 358 3596 lutercedir
374 3557 429 3618 pro
444 3535 535 3597 vidua
551 3531 691 3598 Lutheri.
714 3567 756 3583 -·
811 3535 955 3619 Cruuiger
969 3541 1138 3620 periculose
1151 3549 1294 3620 aegrotat.

199 3634 324 3699 Carolus
338 3631 504 3719 Imperator
519 3641 670 3720 pustulat,
697 3651 731 3700 ut
745 3635 906 3702 Mauritius
923 3637 1149 3702 Melanthuuem
1173 3663 1212 3700 ex
1228 3647 1312 3702 terris
1328 3644 1391 3702 suis
1405 3643 1548 3723 expellat.

98 3727 168 3812 Sept.

139 3841 169 3900 8.
198 3837 270 3903 Mel.
285 3839 444 3900 intercedit
457 3861 514 3922 pru
528 3840 622 3902 vidua
638 3837 768 3904 Luthuri
783 3840 996 3925 apud'Regem
1008 3841 1134 3910 Durriae.

140 3939 170 4001 6·
200 3939 326 4024 Colligit
343 3937 389 4008 Ιο.
405 3937 527 4024 Stigelii
541 3941 691 4022 Psahnus,
717 3966 794 4028 quos
811 3945 945 4008 editurus
962 3957 1016 4008 est.
1541 4029 1544 4034 ,

121 4044 169 4104 tt·
201 4043 320 4107 Adsunt
334 4042 552 4127 Witenbergau
570 4050 795 4110 concionatores
807 4052 902 4132 aliqui
926 4051 1011 4110 missi
1025 4071 1065 4112 ex
1080 4047 1242 4127 Ausbech,
1268 4043 1574 4130 promunturiur
1595 4047 1754 4127 epistularu
1772 4043 1809 4106 du
1831 4043 2105 4132 libruAngrutsno

248 4147 286 4208 ad
302 4144 463 4210 Francicus
488 4151 723 4210 concionatores.

119 4263 167 4322 13,
199 4245 379 4333 Expatiatnr
394 4271 465 4312 cum
479 4248 617 4312 Fursteru
632 4251 671 4312 ad
688 4245 853 4332 Georgium
867 4249 1082 4315 Anhaltiuum.

122 4365 169 4424 16.
201 4349 341 4434 Cruciger
356 4357 524 4435 periculose
538 4367 680 4436 aegrotat.

122 4467 169 4528 18.
200 4451 270 4517 tlet.
288 4468 404 4518 enarrat
417 4459 450 4516 in
468 4458 571 4520 schola
587 4459 747 4538 epistulam
763 4454 801 4516 ad
814 4450 979 4519 Romus.

110 4556 169 4623 Ou.

141 4671 168 4730 3,
200 4654 310 4718 Scribit
325 4662 358 4718 in
373 4677 461 4718 usum
476 4653 601 4738 Georgii
615 4655 776 4720 Anhaltini
790 4663 956 4720 orationem
972 4659 1009 4719 de
1024 4659 1124 4722 dicto:
1151 4659 1393 4722 Fundamentum
1406 4660 1489 4724 aliud
1503 4666 1578 4744 poni
1591 4684 1653 4726 nun
1670 4673 1768 4745 potest
1784 4673 1855 4741 etc,
1881 4679 1972 4745 quam
1988 4667 2018 4722 ei
2032 4666 2105 4724 mit·

248 4761 286 4820 tit
299 4759 330 4821 d.
350 4765 383 4826 9.
400 4756 473 4822 Ost.

199 4855 294 4922 Mittit
307 4861 346 4920 ad
362 4864 475 4922 amicus
490 4863 656 4920 orationem
669 4861 706 4922 de
727 4865 821 4922 tribus
836 4863 950 4922 farinae
966 4867 1045 4926 satis.

140 4971 167 5030 8.
199 4957 321 5024 Enarmt
336 4966 368 5022 in
385 4963 491 5024 schole
505 4959 669 5024 Pindarum
686 4977 716 5024 et
733 4961 948 5026 Demosthenis
965 4967 1131 5028 orationem
1147 4965 1184 5026 de
1199 4985 1321 5026 corone.

123 5067 169 5130 11.
198 5059 291 5126 Mittit
306 5059 441 5146 Georgio
455 5063 625 5126 haholtiuo
640 5077 780 5128 macuta
797 5067 945 5152 (predam
963 5067 1000 5128 ds
1013 5071 1158 5130 sacrificio
1171 5063 1299 5146 Missae,
1321 5089 1398 5152 quaa
1410 5075 1566 5154 scripserat
1583 5073 1621 5136 od
1647 5079 1872 5138 concionatores
1887 5069 2057 5134 Helisaeus.

125 5170 168 5234 16.
199 5161 332 5228 Vocatur
346 5165 530 5250 Turgaviam
545 5167 583 5228 ad
600 5183 792 5231 conventum.
2013 5210 2019 5251 1

123 5271 170 5334 18.
199 5263 371 5332 Conventus
385 5271 527 5332 ordinum
541 5267 742 5334 Misnensium
758 5269 945 5353 Torgavias,
969 5271 1089 5338 habitus
1103 5273 1140 5339 da
1156 5277 1245 5338 tauris
1259 5296 1299 5336 ex
1313 5274 1454 5338 mandatu
1468 5269 1601 5338 Caesaris
1615 5278 1820 5342 instituendis.

123 5374 167 5435 19.
198 5366 294 5433 Prima
307 5371 406 5434 forma
419 5369 545 5436 Interim
557 5369 699 5453 Misniui,
727 5378 776 5436 rel
788 5369 908 5457 Lipsiui
922 5372 972 5454 (ut
989 5391 1091 5458 postea
1107 5375 1332 5460 appellabatur)
1350 5378 1512 5459 profertur.
