4654 5816
70 253 128 328 cor
615 243 1047 326 urrsronsnuu
1097 247 1203 324 cra
1235 245 1320 325 xa.
1372 244 1501 326 csso.
1880 211 1891 220 ’
1941 193 1945 198 ’
2012 253 2087 330 coe

68 419 196 513 Egregia
219 432 268 492 est
288 418 363 492 eius
385 406 598 493 erudtcto‘ec
614 420 811 510 diligentia.
863 419 935 494 Sed
958 421 1038 512 opi·
1094 417 1283 514 aSynodo
1311 420 1495 492 abducere.
1547 414 1668 489 Alesii
1697 421 1832 492 litteras
1861 421 2009 514 scriptas
2038 423 2084 492 ad

71 547 134 607 nur,
147 515 415 592 Demosthenem
426 545 499 594 non
512 521 631 594 minus
644 518 836 596 abhorrere
846 524 892 594 ab
905 518 962 594 his
971 523 1040 592 mi·
1093 520 1227 612 Regem
1251 519 1441 608 Anglicum
1462 533 1497 591 et
1519 523 1562 590 a'd
1585 519 1895 602 Cantuarienscm,
1923 517 2031 593 hodia
2045 513 2084 616 ¹¹)

69 623 281 718 grationibus,
299 647 405 716 quam
433 647 497 714 ego
518 621 694 696 abhorreo
718 649 738 696 a
761 625 972 714 migratione
995 627 1039 694 ad
1093 625 1196 694 trado
1216 623 1348 692 nuncio
1370 645 1443 696 una
1466 647 1545 692 cum
1559 621 1647 692 meis
1668 625 1892 717 perferendas
1906 620 2085 708 Bremam,

70 752 150 800 oram
166 724 283 794 baltici
299 725 439 794 littoris.
497 721 709 816 Exemplum
726 725 793 798 tibi
807 728 922 812 dono,
943 727 1037 818 quod
1093 725 1189 796 unde
1208 724 1394 796 mittentur
1408 723 1444 794 in
1463 717 1640 814 Angliam.

69 853 132 900 cum
165 829 269 912 leges,
308 821 402 896 haud
437 825 545 896 dubie
575 827 801 916 ⁴diligentiam
834 828 1040 920 interpretis
1849 909 1858 926 ³

69 929 217 1002 laudabis.
274 923 397 998 Editio
424 928 542 1019 operis
567 929 701 1016 gratior
733 929 870 1013 suisset,
902 929 932 998 si
964 952 1039 998 non
1702 949 1706 954 ·
1792 903 1885 980 Phrl.
1900 905 2033 1008 Melan.
2082 997 2090 1006 .

68 1045 161 1104 essent
175 1027 312 1100 additae
327 1028 480 1120 ineptiae
495 1025 668 1124 Ulpiani.
702 1111 705 1120 .
720 1027 790 1100 Sed
808 1025 894 1100 haec
908 1053 1039 1104 coram.

69 1133 164 1203 Valde
176 1145 210 1203 te
225 1153 309 1214 oro,
335 1145 374 1202 ut
390 1131 494 1200 nohis
509 1133 741 1232 respondeas,
767 1133 861 1202 etde
878 1123 1039 1226 Ciglcro,

67 1247 93 1304 et
106 1247 141 1306 ut
156 1234 279 1316 sciam,
304 1255 349 1300 an
365 1226 616 1304 Demosthenis
636 1233 835 1323 exemplum
855 1233 1039 1326 acceperis.

68 1333 245 1406 benevale·
297 1327 720 1410 OctavoCalend.lunii.
1092 1359 1159 1436 No·
1177 1361 1292 1434 4727·
1930 1365 2086 1440 Mum
2195 1337 2198 1349 ·

653 1431 748 1506 Phil.
761 1428 988 1512 Melanthon.
1098 1457 1271 1490 ww
1945 1457 2086 1490 w-

1380 1571 1552 1696 Wolfp.
1579 1573 1804 1690 Ampber.
1886 1667 1890 1678 ,

76 1783 129 1858 ΝΟ.
145 1784 250 1859 4726,
882 1795 941 1860 25·
952 1787 1038 1853 Maii·
1160 1753 1222 1824 †ll
1239 1753 1334 1812 codice
1351 1752 1485 1826 Lipsiemi
1505 1756 1576 1846 (non
1594 1753 1660 1809 dixit
1677 1753 1767 1828 quoi)
1785 1753 1919 1828 descripte
1938 1773 1955 1812 a
1971 1755 2087 1814 Lamia,

69 1879 260 1920 Nm
860 1878 1033 1910 Μ
1959 1883 1963 1892 .

1097 1923 1319 2002 Venerabili
1332 1925 1429 2014 viro,
1452 1921 1656 1996 eruditione
1672 1933 1705 1996 et
1727 1925 1856 1998 virtute
1868 1927 2080 2026 praestanti

309 1965 460 2055 Ῑοαθῇ·
490 1965 768 2056 cameram·
1100 2023 1172 2104 W
1168 2026 1214 2100 oi
1210 2027 1337 2132 sgan
1345 2052 1405 2126 go
1430 2023 1648 2127 Ampber,
1672 2026 1820 2124 pastori
1831 2026 1997 2101 ccclesiae
2012 1978 2091 2100 Dei

121 2119 199 2192 episc
211 2121 246 2176 at
261 2123 403 2182 escam.
419 2141 447 2195 p.
462 2121 515 2178 ⁶42
527 2141 569 2195 aq.
587 2121 642 2194 (et.
656 2121 743 2180 2⁰³³·
759 2121 810 2179 ΠΒ·
822 2119 870 2179 W·
883 2137 927 2194 ‘t-
939 2119 1022 2191 ⁷⁸⁵·l·
1459 2129 1499 2200 ia
1516 2123 1724 2200 Schemaitz
1939 2125 1950 2134 ’

66 2268 265 2350 Clarissimo
287 2281 365 2353 viro
387 2276 589 2352 eruditione
622 2289 655 2352 ct
678 2279 809 2352 virtute
829 2279 1042 2380 praestanti
1092 2269 1141 2358 S.
1162 2280 1209 2358 D.
1264 2280 1472 2351 Venerando
1489 2279 1544 2350 vir
1560 2292 1594 2350 et
1608 2279 1719 2350 amice
1734 2273 1949 2352 charissime.
1972 2277 2086 2354 Ante-

84 2377 106 2450 I
109 2376 315 2454 oacbimo
341 2364 624 2454 Cameraiio
639 2381 768 2482 fratri
790 2407 859 2456 suo
884 2381 1014 2458 cariss.
1092 2409 1198 2480 quam
1231 2377 1392 2452 lacubus
1415 2377 1739 2474 Argentoratenscs
1772 2395 1869 2452 tuam
1902 2383 2086 2474 epistolam

1091 2486 1237 2564 adtulit,
1263 2484 1346 2554 dedi
1361 2485 1491 2554 nostris
1508 2482 1728 2554 auditoribus
1749 2481 1839 2556 istuc
1859 2483 2086 2576 proficiscen-

1091 2589 1186 2660 tibus
1200 2587 1337 2670 literas,
1361 2585 1551 2679 inquibus
1573 2583 1731 2666 ostendi,
1756 2607 1813 2654 me
1829 2587 1932 2656 valde
1945 2585 2086 2657 deside-

1091 2713 1169 2759 rare
1182 2703 1259 2760 tuas
1274 2687 1405 2760 literas.
1456 2684 1559 2756 Certe
1575 2685 1669 2754 enim
1686 2698 1720 2754 et
1734 2681 1941 2759 deEcclesia
1957 2703 2085 2768 vestra,

1090 2805 1124 2862 et
1138 2791 1182 2860 de
1195 2803 1229 2860 te
1247 2801 1327 2878 post
1340 2787 1431 2858 illud
1448 2800 1548 2859 tuum
1568 2787 1636 2856 iter
1652 2786 1814 2876 cogitavi.
1865 2785 1951 2860 Fuit
1964 2803 2085 2862 autem

1088 2887 1179 2962 mihi
1197 2903 1416 2982 pergratum,
1442 2889 1539 2982 quod
1554 2886 1706 2959 Senatus
1721 2889 1844 2979 oppidi
1858 2890 1966 2960 vestri
1980 2892 2025 2960 de
2049 2905 2084 2960 te
2169 2899 2184 2924 ‘

1088 3005 1247 3062 amanter
1262 2985 1503 3060 ethonorilice
1520 2991 1563 3058 ad
1588 3011 1644 3057 me
1659 2988 1809 3080 scripsit.
1861 2987 1982 3060 Tuum
1997 3014 2084 3062 con-
2161 2998 2162 3002 ’

1088 3094 1207 3164 silium
1223 3091 1327 3161 valde
1342 3089 1473 3182 probo,
1498 3091 1594 3184 quod
1616 3089 1655 3158 in
1681 3089 1826 3175 ritibus,
1851 3115 1941 3184 quos
1963 3107 2084 3182 pastor

1087 3209 1169 3266 ante
1185 3193 1411 3286 teproximus
1425 3191 1643 3275 observavit,
1668 3185 1762 3260 nihil
1779 3203 1904 3267 mutas.
1940 3191 2030 3264 Nam
2048 3209 2083 3264 et

1086 3299 1230 3366 crebrae
1256 3293 1471 3365 mutationes
1495 3293 1640 3364 turbant
1661 3292 1786 3383 populi
1811 3293 2083 3380 invocationem,

65 2513 103 2598 S·
122 2531 173 2608 D.¹
207 2527 390 2608 Fabricio
404 2535 487 2606 misi
500 2533 685 2628 epistolam
703 2535 870 2626 scriptam
886 2537 931 2604 ad
947 2525 1041 2630 Cig-

67 2625 159 2703 ierum
172 2629 439 2734 παρηγρρικήν.
466 2661 550 2706 vero
571 2635 668 2706 enim
685 2637 809 2707 dolore
828 2635 980 2720 allicior,
1005 2651 1039 2708 et

66 2751 185 2826 propter
205 2739 318 2830 ipsius
342 2737 526 2824 morbum,
564 2751 600 2808 et
627 2737 709 2831 quia
732 2731 823 2806 mihi
846 2750 1038 2808 renovatur

65 2839 165 2906 acerba
181 2840 380 2910 recordatio
402 2839 527 2910 mortis
542 2827 753 2934 Crucigcri,
779 2838 895 2932 quiin
911 2840 1035 2909 eodem

66 2939 175 3026 oppido
207 2941 335 3010 morbo
368 2964 557 3033 oppressus
589 2953 651 3014 est.
711 2939 830 3010 Multa
863 2939 958 3010 enim
992 2941 1036 3010 de

64 3039 189 3110 orbitate
203 3039 399 3128 Ecclesiae,
414 3057 448 3111 et
464 3043 508 3112 de
525 3043 623 3114 rabie
638 3041 865 3111 indoctorum
882 3041 919 3110 in
937 3055 1036 3112 utra-

64 3159 117 3228 que
130 3155 219 3230 parte
238 3147 374 3234 cogito,
400 3168 440 3212 ac
459 3143 603 3212 nisime
625 3141 793 3212 retineret
812 3137 898 3212 haec
914 3167 1035 3236 παρα-

64 3237 153 3334 σκευὴ
178 3245 401 3336 nuptiarum,
432 3257 548 3314 tecum
578 3268 598 3316 a
623 3234 813 3336 Cigierum
837 3243 1034 3335 proficisce-

63 3361 120 3409 rer:
141 3345 278 3416 decrevi
302 3359 419 3416 autem
441 3369 523 3415 mox
547 3347 593 3416 ad
617 3369 697 3414 eum
723 3369 926 3430 excurrere,
953 3369 1033 3416 cum

62 3431 105 3508 his
127 3446 412 3538 occupationibus
437 3446 608 3517 liberatus
641 3447 755 3519 tuero.
806 3445 861 3517 Te
891 3471 1032 3540 quoque

63 3538 172 3614 iamed
193 3571 275 3618 eum
293 3549 490 3640 proiectum
507 3569 599 3633 esse,
624 3571 703 3617 cum
723 3541 808 3618 haec
829 3548 1032 3630 scriberem,

62 3643 250 3735 cogitabam,
283 3651 344 3718 sed
372 3648 489 3718 sialia
511 3648 639 3718 itinera
663 3662 697 3718 te
720 3671 792 3718 non
819 3649 1030 3741 impediunt,

62 3765 110 3812 oro
124 3759 155 3816 et
168 3747 287 3838 generi
303 3765 337 3820 et
352 3773 429 3820 meo
448 3749 610 3832 numine,
625 3761 665 3818 ut
680 3750 836 3820 calendis
850 3749 944 3820 lunii
961 3746 1031 3821 huc

62 3847 171 3922 venias.
217 3849 352 3942 Scripsi
373 3853 417 3920 ad
447 3845 733 3943 Stramburgum
755 3852 884 3921 eteius
905 3852 1030 3922 coniu-

60 3963 137 4032 gem,
158 3949 239 4019 item
254 3953 301 4021 ad
316 3947 530 4022 Meurerum
545 3965 580 4024 et
595 3954 640 4022 ad
656 3943 868 4038 Rheticum.
894 3969 1031 4044 praeter

59 4036 111 4115 hos
130 4053 303 4122 neminem
329 4054 426 4124 volui
450 4067 568 4124 sumtu
591 4067 625 4126 et
643 4052 765 4122 labore
787 4055 926 4124 itineris
942 4079 1028 4125 one-

59 4165 137 4232 rare,
158 4151 313 4225 fortassis
327 4167 444 4226 autem
461 4155 673 4224 familiarior
689 4167 740 4222 est
750 4149 1028 4249 Stramburgae,

58 4249 190 4322 coniunx
204 4251 360 4326 Pastoris
375 4257 500 4326 vestri:
528 4255 768 4326 considerabis
783 4257 911 4344 igitur,
938 4259 1024 4350 quid

59 4344 111 4436 ipsi
125 4367 299 4426 matronae
312 4357 548 4448 gratissimum
567 4357 613 4428 sit
626 4373 661 4427 et
678 4357 848 4446 adiunges
871 4357 905 4426 ei
920 4381 1026 4452 quam

1085 3501 1208 3581 clesia,
1234 3521 1325 3594 quae
1340 3495 1411 3565 iam
1427 3495 1485 3586 pie
1500 3494 1686 3566 constituta
1706 3509 1775 3582 est,
1800 3497 1976 3570 odiosum.
2030 3495 2081 3566 bc

1084 3602 1198 3672 multo
1224 3600 1343 3670 minus
1363 3597 1472 3668 velim
1496 3595 1635 3666 restitui
1655 3596 1808 3666 abolitos
1822 3597 1921 3672 ritus.
1972 3595 2080 3666 Prae-

1084 3705 1205 3775 sertim
1240 3714 1357 3772 autem
1387 3699 1551 3790 displicet
1579 3691 1669 3766 mihi
1695 3699 1756 3768 illa
1783 3701 2001 3770 consuetudo
2027 3699 2081 3768 lc-

1083 3805 1193 3875 vandi
1216 3801 1395 3900 symbola,
1421 3823 1526 3892 quam
1552 3821 1626 3866 non
1649 3798 1757 3868 fuisse
1782 3800 1886 3868 talem
1911 3800 1950 3868 in
1965 3801 2079 3870 veteri

1082 3904 1243 3978 Ecclesia
1260 3917 1394 3974 certum
1411 3917 1473 3975 est.
1523 3897 1660 3970 Pendet
1674 3912 1792 3968 autem
1808 3896 1893 3972 haec
1917 3903 2078 3996 quaestio

1083 4031 1124 4077 ex
1138 4009 1217 4076 aliis
1231 4007 1389 4089 duabus,
1414 4003 1458 4072 de
1478 4001 1658 4071 oblatione
1677 4013 1711 4071 et
1729 4003 1773 4070 cle
1795 4001 1991 4074 mutatione
2015 4028 2077 4094 pa-

1081 4111 1153 4178 nis:
1179 4107 1386 4198 dequibus,
1411 4105 1440 4172 si
1460 4103 1575 4186 voles,
1598 4101 1750 4172 scribam
1768 4105 1811 4172 ad
1830 4116 1864 4173 te
1887 4106 2076 4198 copiosius,

1081 4233 1161 4280 curn
1186 4203 1344 4278 habuero
1366 4217 1500 4275 certum
1523 4203 1759 4274 tabellarium.
1811 4203 1911 4276 Heu!
1939 4221 2074 4300 quanto

1080 4311 1202 4380 dolore
1231 4307 1430 4388 excrucior,
1462 4327 1541 4374 curn
1566 4306 1681 4396 cogito
1707 4299 1905 4374 horrendos
1933 4308 2076 4393 abusus,

59 4449 147 4524 vales,
199 4453 428 4529 Consuetudo
447 4459 570 4529 talium
592 4479 861 4546 congressuum,
888 4473 929 4529 ut
951 4459 1026 4544 scis,
1079 4412 1140 4507 qui
1154 4412 1194 4479 in
1208 4409 1400 4482 Ecclesiam
1417 4421 1646 4499 pervaserunt
1660 4419 1694 4476 et
1713 4405 1954 4483 stabiliuntur.
2003 4408 2074 4479 Sed

60 4537 699 4653 babetfflumsetfflmphhonestae
717 4559 948 4652 antiquitatis,
965 4563 1023 4630 sed
1079 4537 1218 4583 oremus
1252 4511 1365 4580 filium
1399 4506 1485 4594 Dei,
1514 4521 1556 4578 ut
1588 4521 1685 4578 sanet
1711 4507 1857 4576 vulnera
1884 4505 2073 4584 Ecclesiae.

60 4657 320 4729 limenaliomm
336 4661 1026 4755 magnaseppamgyrimpompasimiq
1066 4611 1175 4727 ¹Bene
1189 4613 1286 4694 vale,
1304 4625 1338 4681 et
1352 4611 1493 4682 scribite
1507 4609 1552 4681 ad
1569 4631 1627 4677 me
1640 4608 1854 4700 saepissime.
1890 4607 2071 4684 DiePen.

1077 4731 1207 4789 tccoste
1221 4739 1277 4789 an.
1300 4709 1407 4790 1550„

60 4753 113 4820 tari
128 4779 183 4826 nec
198 4781 360 4850 possum,
385 4787 450 4832 nec
465 4761 591 4845 velim,
616 4764 645 4832 si
664 4785 811 4852 possem.
863 4759 941 4833 Oro
960 4787 1025 4833 au-

60 4858 114 4920 tem
126 4855 230 4928 filium
238 4857 305 4932 Dei
320 4859 515 4934 Dominum
531 4877 692 4949 nostrum
709 4861 821 4932 lesum
829 4859 1026 4950 Christum,
1542 4889 1734 4991 philippo,
1747 4891 2021 4972 Melmebghnn,

61 4963 92 5018 ut
103 4948 280 5032 Ecclesiam
294 4975 330 5034 et
346 4961 511 5035 Politiam
527 4979 641 5036 servet
657 4965 787 5034 nostris
802 4966 966 5051 familiis,
990 4979 1026 5038 et
1665 4983 1666 4986 ’
1900 4967 1901 4974 ¹

62 5069 113 5121 noe
135 5069 164 5128 et
185 5075 320 5134 nostros
343 5067 526 5156 gubernet.
582 5063 681 5136 Bene
703 5079 739 5137 et
759 5067 910 5140 feliciter
934 5069 1036 5138 vale·
1087 5089 1303 5108 ····-····’·

63 5141 175 5228 Octavo
189 5159 261 5237 Cat.
281 5162 387 5237 trunti.
1107 5206 1139 5278 e)
1157 5206 1223 5264 vu.
1238 5205 1267 5263 a.
1280 5203 1326 5260 es.
1339 5201 1406 5260 star
1420 5201 1491 5260 s...

142 5255 259 5334 Pastor
275 5282 409 5338 vestrae
428 5265 604 5340 Ecclesiae
621 5279 704 5338 tunc
722 5267 760 5334 in
776 5265 923 5362 Synodo
944 5267 1021 5350 erit,

66 5369 126 5422 curn
140 5383 199 5431 nos
213 5389 346 5438 sacrum
363 5372 520 5464 nuptiale
535 5369 719 5458 faciemus,
744 5393 809 5439 nec
831 5371 912 5441 volo
932 5395 1021 5478 ,eum

1086 3403 1125 3468 οι
1135 3412 1311 3468 recentem
1334 3389 1509 3486 hospitem
1534 3393 1622 3462 alios
1645 3393 1734 3466 ritus
1750 3394 1934 3468 instituere
1952 3391 1995 3466 ¹in
2010 3393 2081 3467 Ec-
2205 3443 2206 3446 =
