<?xml version="1.0" encoding="UTF-8"?>
<!DOCTYPE html PUBLIC "-//W3C//DTD XHTML 1.0 Transitional//EN"
    "http://www.w3.org/TR/xhtml1/DTD/xhtml1-transitional.dtd">
<html xmlns="http://www.w3.org/1999/xhtml" xml:lang="en" lang="en">
 <head>
  <title>
</title>
<meta http-equiv="Content-Type" content="text/html;charset=utf-8" />
  <meta name='ocr-system' content='tesseract 3.04.00' />
  <meta name='ocr-capabilities' content='ocr_page ocr_carea ocr_par ocr_line ocrx_word'/>
</head>
<body>
  <div class='ocr_page' id='page_1' title='image "./corpusreformato20melagoog_0316.png"; bbox 0 0 4654 5816; ppageno 0'>
   <div class='ocr_carea' id='block_1_1' title="bbox 59 235 1477 330">
    <p class='ocr_par' dir='ltr' id='par_1_1' title="bbox 59 235 1477 330">
     <span class='ocr_line' id='line_1_1' title="bbox 59 235 1477 330; baseline -0.012 -1"><span class='ocrx_word' id='word_1_1' title='bbox 59 253 126 330; x_wconf 80' lang='grc'>585</span> <span class='ocrx_word' id='word_1_2' title='bbox 603 237 1033 323; x_wconf 80' lang='lat' dir='ltr'>ttrtsrou&#39;atttttt</span> <span class='ocrx_word' id='word_1_3' title='bbox 1084 235 1192 315; x_wconf 68' lang='lat' dir='ltr'>bili.</span> <span class='ocrx_word' id='word_1_4' title='bbox 1213 235 1296 314; x_wconf 70' lang='lat' dir='ltr'>Ill.</span> <span class='ocrx_word' id='word_1_5' title='bbox 1320 238 1325 252; x_wconf 78' lang='lat'>&#39;</span> <span class='ocrx_word' id='word_1_6' title='bbox 1350 237 1477 316; x_wconf 75' lang='lat' dir='ltr'>tutu</span> 
     </span>
    </p>
   </div>
   <div class='ocr_carea' id='block_1_2' title="bbox 34 407 2198 4086">
    <p class='ocr_par' dir='ltr' id='par_1_2' title="bbox 58 407 2085 613">
     <span class='ocr_line' id='line_1_2' title="bbox 59 407 2085 516; baseline -0.003 -20"><span class='ocrx_word' id='word_1_7' title='bbox 59 451 108 496; x_wconf 88' lang='lat' dir='ltr'>sus</span> <span class='ocrx_word' id='word_1_8' title='bbox 124 423 285 516; x_wconf 79' lang='lat' dir='ltr'>ignorant</span> <span class='ocrx_word' id='word_1_9' title='bbox 300 419 547 492; x_wconf 84' lang='lat' dir='ltr'>Mediatorem.</span> <span class='ocrx_word' id='word_1_10' title='bbox 584 417 644 490; x_wconf 87' lang='lat' dir='ltr'>Tu</span> <span class='ocrx_word' id='word_1_11' title='bbox 659 415 1038 491; x_wconf 85' lang='lat' dir='ltr'>nontantumintuen-</span> <span class='ocrx_word' id='word_1_12' title='bbox 1110 407 1177 483; x_wconf 78' lang='lat' dir='ltr'>No·</span> <span class='ocrx_word' id='word_1_13' title='bbox 1203 411 1316 489; x_wconf 78' lang='grc'><strong>4708.</strong></span> <span class='ocrx_word' id='word_1_14' title='bbox 1435 413 1440 422; x_wconf 74' lang='grc'>’</span> <span class='ocrx_word' id='word_1_15' title='bbox 1490 413 1495 424; x_wconf 79' lang='grc'><strong><em>’</em></strong></span> <span class='ocrx_word' id='word_1_16' title='bbox 1670 417 1680 428; x_wconf 84' lang='lat'>&#39;</span> <span class='ocrx_word' id='word_1_17' title='bbox 1880 423 1921 434; x_wconf 89' lang='lat'>&#39;&#39;</span> <span class='ocrx_word' id='word_1_18' title='bbox 1959 415 2085 490; x_wconf 62' lang='lat' dir='ltr'>blltlls</span> 
     </span>
     <span class='ocr_line' id='line_1_3' title="bbox 58 511 1320 613; baseline -0.009 -15"><span class='ocrx_word' id='word_1_19' title='bbox 58 531 100 600; x_wconf 90' lang='lat' dir='ltr'>ris</span> <span class='ocrx_word' id='word_1_20' title='bbox 120 523 213 596; x_wconf 91' lang='lat' dir='ltr'>hunc</span> <span class='ocrx_word' id='word_1_21' title='bbox 235 523 359 592; x_wconf 90' lang='lat' dir='ltr'>mundi</span> <span class='ocrx_word' id='word_1_22' title='bbox 382 522 566 608; x_wconf 84' lang='lat' dir='ltr'>ordinem,</span> <span class='ocrx_word' id='word_1_23' title='bbox 590 523 651 590; x_wconf 84' lang='lat' dir='ltr'>sed</span> <span class='ocrx_word' id='word_1_24' title='bbox 675 520 924 613; x_wconf 78' lang='lat' dir='ltr'>patefactiones</span> <span class='ocrx_word' id='word_1_25' title='bbox 945 519 1036 588; x_wconf 84' lang='lat' dir='ltr'>disi·</span> <span class='ocrx_word' id='word_1_26' title='bbox 1097 511 1320 554; x_wconf 39' lang='grc' dir='ltr'>ἡ</span> 
     </span>
    </p>

    <p class='ocr_par' dir='ltr' id='par_1_3' title="bbox 57 609 1852 737">
     <span class='ocr_line' id='line_1_4' title="bbox 57 609 1852 737; baseline -0.004 -41"><span class='ocrx_word' id='word_1_27' title='bbox 57 651 120 712; x_wconf 92' lang='lat' dir='ltr'>ms,</span> <span class='ocrx_word' id='word_1_28' title='bbox 144 627 181 694; x_wconf 91' lang='lat' dir='ltr'>in</span> <span class='ocrx_word' id='word_1_29' title='bbox 197 626 327 718; x_wconf 89' lang='lat' dir='ltr'>quibus</span> <span class='ocrx_word' id='word_1_30' title='bbox 341 623 521 716; x_wconf 79' lang='lat' dir='ltr'><strong>alloquere</strong></span> <span class='ocrx_word' id='word_1_31' title='bbox 536 635 718 694; x_wconf 88' lang='lat' dir='ltr'>aeternum</span> <span class='ocrx_word' id='word_1_32' title='bbox 735 619 875 692; x_wconf 90' lang='lat' dir='ltr'>Patrem</span> <span class='ocrx_word' id='word_1_33' title='bbox 889 620 1035 692; x_wconf 91' lang='lat' dir='ltr'>Domini</span> <span class='ocrx_word' id='word_1_34' title='bbox 1311 613 1439 698; x_wconf 65' lang='lat' dir='ltr'>Hier.</span> <span class='ocrx_word' id='word_1_35' title='bbox 1469 609 1852 737; x_wconf 57' lang='lat' dir='ltr'>Buttmyartttero.</span> 
     </span>
    </p>

    <p class='ocr_par' dir='ltr' id='par_1_4' title="bbox 55 719 1894 809">
     <span class='ocr_line' id='line_1_5' title="bbox 55 719 1894 809; baseline -0.005 -9"><span class='ocrx_word' id='word_1_36' title='bbox 55 728 154 801; x_wconf 89' lang='lat' dir='ltr'>nostri</span> <span class='ocrx_word' id='word_1_37' title='bbox 171 726 249 796; x_wconf 89' lang='lat' dir='ltr'>lesu</span> <span class='ocrx_word' id='word_1_38' title='bbox 265 719 416 809; x_wconf 82' lang='lat' dir='ltr'><strong>Christi,</strong></span> <span class='ocrx_word' id='word_1_39' title='bbox 439 724 553 794; x_wconf 87' lang='lat' dir='ltr'>lilium</span> <span class='ocrx_word' id='word_1_40' title='bbox 569 721 685 794; x_wconf 86' lang='lat' dir='ltr'>lesum</span> <span class='ocrx_word' id='word_1_41' title='bbox 699 719 901 808; x_wconf 73' lang='lat' dir='ltr'>Christum,</span> <span class='ocrx_word' id='word_1_42' title='bbox 922 724 1035 792; x_wconf 85' lang='lat' dir='ltr'>crttci-</span> <span class='ocrx_word' id='word_1_43' title='bbox 1198 793 1206 808; x_wconf 65' lang='lat'>‚</span> <span class='ocrx_word' id='word_1_44' title='bbox 1270 793 1276 806; x_wconf 74' lang='grc'>,</span> <span class='ocrx_word' id='word_1_45' title='bbox 1612 788 1618 802; x_wconf 86' lang='grc'>,</span> <span class='ocrx_word' id='word_1_46' title='bbox 1888 791 1894 802; x_wconf 80' lang='grc'><strong>,</strong></span> 
     </span>
    </p>

    <p class='ocr_par' dir='ltr' id='par_1_5' title="bbox 46 787 2198 2540">
     <span class='ocr_line' id='line_1_6' title="bbox 55 787 2112 934; baseline -0.004 -34"><span class='ocrx_word' id='word_1_47' title='bbox 55 833 148 904; x_wconf 83' lang='lat' dir='ltr'>lirum</span> <span class='ocrx_word' id='word_1_48' title='bbox 167 841 200 900; x_wconf 88' lang='lat' dir='ltr'>et</span> <span class='ocrx_word' id='word_1_49' title='bbox 214 825 472 906; x_wconf 84' lang='lat' dir='ltr'>resuscitatum,</span> <span class='ocrx_word' id='word_1_50' title='bbox 498 837 532 898; x_wconf 84' lang='lat' dir='ltr'>ct</span> <span class='ocrx_word' id='word_1_51' title='bbox 544 823 719 920; x_wconf 88' lang='lat' dir='ltr'>Spiritum</span> <span class='ocrx_word' id='word_1_52' title='bbox 736 823 921 897; x_wconf 76' lang='lat' dir='ltr'>Sanctumz</span> <span class='ocrx_word' id='word_1_53' title='bbox 947 823 1034 894; x_wconf 83' lang='lat' dir='ltr'>scias</span> <span class='ocrx_word' id='word_1_54' title='bbox 1154 789 1306 918; x_wconf 60' lang='lat' dir='ltr'>Eiffll</span> <span class='ocrx_word' id='word_1_55' title='bbox 1325 788 1380 914; x_wconf 64' lang='lat' dir='ltr'>vl,</span> <span class='ocrx_word' id='word_1_56' title='bbox 1398 896 1422 922; x_wconf 79' lang='lat'>·.</span> <span class='ocrx_word' id='word_1_57' title='bbox 1436 789 1487 915; x_wconf 48' lang='lat'>¹2⁵,</span> <span class='ocrx_word' id='word_1_58' title='bbox 1503 787 1641 932; x_wconf 53' lang='grc' dir='ltr'>’,Ἄζωξὶξ</span> <span class='ocrx_word' id='word_1_59' title='bbox 1655 787 1996 934; x_wconf 46' lang='grc' dir='ltr'>ἷζκζζὶζξῗψέἶῦξᾎῗὲ</span> <span class='ocrx_word' id='word_1_60' title='bbox 2011 789 2081 912; x_wconf 51' lang='grc' dir='ltr'>ἓξὲξ</span> <span class='ocrx_word' id='word_1_61' title='bbox 2101 880 2112 891; x_wconf 81' lang='grc'><em>,</em></span> 
     </span>
     <span class='ocr_line' id='line_1_7' title="bbox 55 922 1420 1048; baseline -0.006 -46"><span class='ocrx_word' id='word_1_62' title='bbox 55 933 163 1015; x_wconf 86' lang='lat' dir='ltr'>ctiam,</span> <span class='ocrx_word' id='word_1_63' title='bbox 188 929 316 1000; x_wconf 85' lang='lat' dir='ltr'>fiducia</span> <span class='ocrx_word' id='word_1_64' title='bbox 335 927 416 1012; x_wconf 81' lang='lat' dir='ltr'>lilii,</span> <span class='ocrx_word' id='word_1_65' title='bbox 441 940 476 998; x_wconf 91' lang='lat' dir='ltr'>et</span> <span class='ocrx_word' id='word_1_66' title='bbox 492 925 594 1021; x_wconf 89' lang='lat' dir='ltr'>quasi</span> <span class='ocrx_word' id='word_1_67' title='bbox 616 927 768 998; x_wconf 81' lang='lat' dir='ltr'>ducente</span> <span class='ocrx_word' id='word_1_68' title='bbox 789 925 862 995; x_wconf 87' lang='lat' dir='ltr'>filio</span> <span class='ocrx_word' id='word_1_69' title='bbox 876 925 921 994; x_wconf 89' lang='lat' dir='ltr'>ad</span> <span class='ocrx_word' id='word_1_70' title='bbox 938 922 1034 995; x_wconf 91' lang='lat' dir='ltr'>hunc</span> <span class='ocrx_word' id='word_1_71' title='bbox 1184 933 1276 1048; x_wconf 65' lang='lat' dir='ltr'>pert</span> <span class='ocrx_word' id='word_1_72' title='bbox 1315 927 1420 984; x_wconf 57' lang='lat' dir='ltr'>reso?</span> 
     </span>
     <span class='ocr_line' id='line_1_8' title="bbox 53 1023 1033 1122; baseline -0.004 -22"><span class='ocrx_word' id='word_1_73' title='bbox 53 1057 160 1103; x_wconf 83' lang='lat' dir='ltr'>verttm</span> <span class='ocrx_word' id='word_1_74' title='bbox 183 1029 301 1099; x_wconf 87' lang='lat' dir='ltr'>Deum</span> <span class='ocrx_word' id='word_1_75' title='bbox 326 1027 536 1122; x_wconf 78' lang='lat' dir='ltr'>patefactum</span> <span class='ocrx_word' id='word_1_76' title='bbox 562 1029 798 1098; x_wconf 87' lang='lat' dir='ltr'>accedendum</span> <span class='ocrx_word' id='word_1_77' title='bbox 827 1049 911 1098; x_wconf 87' lang='lat' dir='ltr'>esse.</span> <span class='ocrx_word' id='word_1_78' title='bbox 962 1023 1033 1096; x_wconf 87' lang='lat' dir='ltr'>Co-</span> 
     </span>
     <span class='ocr_line' id='line_1_9' title="bbox 52 1121 1033 1226; baseline -0.007 -23"><span class='ocrx_word' id='word_1_79' title='bbox 52 1137 135 1226; x_wconf 88' lang='lat' dir='ltr'>piose</span> <span class='ocrx_word' id='word_1_80' title='bbox 154 1145 272 1200; x_wconf 73' lang='lat' dir='ltr'>atatem</span> <span class='ocrx_word' id='word_1_81' title='bbox 300 1129 338 1197; x_wconf 92' lang='lat' dir='ltr'>in</span> <span class='ocrx_word' id='word_1_82' title='bbox 360 1124 425 1198; x_wconf 91' lang='lat' dir='ltr'>hac</span> <span class='ocrx_word' id='word_1_83' title='bbox 448 1129 671 1199; x_wconf 74' lang='lat' dir='ltr'>enarratione</span> <span class='ocrx_word' id='word_1_84' title='bbox 694 1130 848 1222; x_wconf 90' lang='lat' dir='ltr'>exposita</span> <span class='ocrx_word' id='word_1_85' title='bbox 872 1139 924 1196; x_wconf 89' lang='lat' dir='ltr'>cst</span> <span class='ocrx_word' id='word_1_86' title='bbox 947 1121 1033 1197; x_wconf 86' lang='lat' dir='ltr'>haec</span> 
     </span>
     <span class='ocr_line' id='line_1_10' title="bbox 52 1217 2080 1324; baseline -0.002 -20"><span class='ocrx_word' id='word_1_87' title='bbox 52 1235 196 1306; x_wconf 87' lang='lat' dir='ltr'>doctrina</span> <span class='ocrx_word' id='word_1_88' title='bbox 212 1235 258 1300; x_wconf 85' lang='lat' dir='ltr'>de</span> <span class='ocrx_word' id='word_1_89' title='bbox 274 1253 504 1324; x_wconf 88' lang='lat' dir='ltr'>personarum</span> <span class='ocrx_word' id='word_1_90' title='bbox 520 1230 725 1300; x_wconf 84' lang='lat' dir='ltr'>divinarum</span> <span class='ocrx_word' id='word_1_91' title='bbox 743 1227 968 1314; x_wconf 76' lang='lat' dir='ltr'>discrimine,</span> <span class='ocrx_word' id='word_1_92' title='bbox 998 1243 1033 1298; x_wconf 86' lang='lat' dir='ltr'>et</span> <span class='ocrx_word' id='word_1_93' title='bbox 1084 1217 1135 1305; x_wconf 81' lang='lat' dir='ltr'>S.</span> <span class='ocrx_word' id='word_1_94' title='bbox 1157 1231 1203 1308; x_wconf 88' lang='lat' dir='ltr'>D.</span> <span class='ocrx_word' id='word_1_95' title='bbox 1250 1229 1330 1303; x_wconf 85' lang='lat' dir='ltr'>Etsi</span> <span class='ocrx_word' id='word_1_96' title='bbox 1343 1227 1499 1302; x_wconf 89' lang='lat' dir='ltr'>humana</span> <span class='ocrx_word' id='word_1_97' title='bbox 1514 1231 1635 1311; x_wconf 84' lang='lat' dir='ltr'>omnir</span> <span class='ocrx_word' id='word_1_98' title='bbox 1650 1230 1829 1302; x_wconf 75' lang='lat' dir='ltr'>instabilia</span> <span class='ocrx_word' id='word_1_99' title='bbox 1844 1241 1938 1317; x_wconf 87' lang='lat' dir='ltr'>sunt,</span> <span class='ocrx_word' id='word_1_100' title='bbox 1954 1243 1988 1302; x_wconf 86' lang='lat' dir='ltr'>et</span> <span class='ocrx_word' id='word_1_101' title='bbox 2001 1243 2080 1302; x_wconf 61' lang='lat' dir='ltr'>tur-s</span> 
     </span>
     <span class='ocr_line' id='line_1_11' title="bbox 52 1323 2198 1426; baseline -0.001 -21"><span class='ocrx_word' id='word_1_102' title='bbox 52 1341 185 1406; x_wconf 81' lang='lat' dir='ltr'>devera</span> <span class='ocrx_word' id='word_1_103' title='bbox 215 1333 453 1406; x_wconf 85' lang='lat' dir='ltr'>invocatione.</span> <span class='ocrx_word' id='word_1_104' title='bbox 514 1329 617 1418; x_wconf 90' lang='lat' dir='ltr'>ldeo,</span> <span class='ocrx_word' id='word_1_105' title='bbox 649 1332 714 1402; x_wconf 89' lang='lat' dir='ltr'>etsi</span> <span class='ocrx_word' id='word_1_106' title='bbox 736 1343 837 1402; x_wconf 88' lang='lat' dir='ltr'>antea</span> <span class='ocrx_word' id='word_1_107' title='bbox 862 1325 922 1400; x_wconf 89' lang='lat' dir='ltr'>hic</span> <span class='ocrx_word' id='word_1_108' title='bbox 941 1329 1032 1398; x_wconf 89' lang='lat' dir='ltr'>liber</span> <span class='ocrx_word' id='word_1_109' title='bbox 1083 1333 1240 1408; x_wconf 85' lang='lat' dir='ltr'>bulentis</span> <span class='ocrx_word' id='word_1_110' title='bbox 1262 1334 1500 1426; x_wconf 87' lang='lat' dir='ltr'>temporibus,</span> <span class='ocrx_word' id='word_1_111' title='bbox 1526 1333 1644 1426; x_wconf 85' lang='lat' dir='ltr'>qualia</span> <span class='ocrx_word' id='word_1_112' title='bbox 1660 1327 1747 1404; x_wconf 92' lang='lat' dir='ltr'>haec</span> <span class='ocrx_word' id='word_1_113' title='bbox 1763 1345 1866 1417; x_wconf 90' lang='lat' dir='ltr'>sunt,</span> <span class='ocrx_word' id='word_1_114' title='bbox 1891 1332 2079 1424; x_wconf 82' lang='lat' dir='ltr'>praecipue</span> <span class='ocrx_word' id='word_1_115' title='bbox 2194 1323 2198 1342; x_wconf 84' lang='grc'><strong>’</strong></span> 
     </span>
     <span class='ocr_line' id='line_1_12' title="bbox 51 1427 2078 1531; baseline -0.003 -22"><span class='ocrx_word' id='word_1_116' title='bbox 51 1443 130 1509; x_wconf 88' lang='lat' dir='ltr'>inter</span> <span class='ocrx_word' id='word_1_117' title='bbox 158 1449 293 1506; x_wconf 88' lang='lat' dir='ltr'>caetera</span> <span class='ocrx_word' id='word_1_118' title='bbox 312 1427 488 1531; x_wconf 61' lang='lat' dir='ltr'>⁸Lutireri</span> <span class='ocrx_word' id='word_1_119' title='bbox 514 1433 642 1526; x_wconf 89' lang='lat' dir='ltr'>scripta</span> <span class='ocrx_word' id='word_1_120' title='bbox 671 1433 787 1503; x_wconf 89' lang='lat' dir='ltr'>editus</span> <span class='ocrx_word' id='word_1_121' title='bbox 809 1445 879 1516; x_wconf 89' lang='lat' dir='ltr'>est,</span> <span class='ocrx_word' id='word_1_122' title='bbox 912 1444 1030 1502; x_wconf 75' lang='lat' dir='ltr'>umen</span> <span class='ocrx_word' id='word_1_123' title='bbox 1083 1435 1198 1508; x_wconf 88' lang='lat' dir='ltr'>solent</span> <span class='ocrx_word' id='word_1_124' title='bbox 1226 1437 1383 1506; x_wconf 87' lang='lat' dir='ltr'>accidere</span> <span class='ocrx_word' id='word_1_125' title='bbox 1411 1433 1516 1504; x_wconf 92' lang='lat' dir='ltr'>multi</span> <span class='ocrx_word' id='word_1_126' title='bbox 1550 1429 1698 1506; x_wconf 77' lang='grc' dir='ltr'><strong><em>πανικοὶ</em></strong></span> <span class='ocrx_word' id='word_1_127' title='bbox 1735 1428 1920 1530; x_wconf 75' lang='grc' dir='ltr'><strong><em>θόρυβοι,</em></strong></span> <span class='ocrx_word' id='word_1_128' title='bbox 1959 1447 2078 1504; x_wconf 88' lang='lat' dir='ltr'>tamen</span> 
     </span>
     <span class='ocr_line' id='line_1_13' title="bbox 50 1529 2078 1646; baseline -0.002 -38"><span class='ocrx_word' id='word_1_129' title='bbox 50 1563 142 1624; x_wconf 73' lang='lat' dir='ltr'>utine,</span> <span class='ocrx_word' id='word_1_130' title='bbox 166 1551 207 1605; x_wconf 91' lang='lat' dir='ltr'>ut</span> <span class='ocrx_word' id='word_1_131' title='bbox 223 1561 242 1604; x_wconf 89' lang='lat' dir='ltr'>a</span> <span class='ocrx_word' id='word_1_132' title='bbox 259 1537 423 1630; x_wconf 88' lang='lat' dir='ltr'>pluribus</span> <span class='ocrx_word' id='word_1_133' title='bbox 438 1535 623 1626; x_wconf 80' lang='lat' dir='ltr'>legeretur,</span> <span class='ocrx_word' id='word_1_134' title='bbox 648 1535 761 1606; x_wconf 84' lang='lat' dir='ltr'>voluit</span> <span class='ocrx_word' id='word_1_135' title='bbox 779 1557 860 1606; x_wconf 90' lang='lat' dir='ltr'>eum</span> <span class='ocrx_word' id='word_1_136' title='bbox 879 1531 1030 1606; x_wconf 86' lang='lat' dir='ltr'>illustris</span> <span class='ocrx_word' id='word_1_137' title='bbox 1083 1561 1178 1607; x_wconf 87' lang='lat' dir='ltr'>nunc</span> <span class='ocrx_word' id='word_1_138' title='bbox 1191 1538 1334 1646; x_wconf 79' lang='lat' dir='ltr'>quidem</span> <span class='ocrx_word' id='word_1_139' title='bbox 1350 1535 1442 1606; x_wconf 88' lang='lat' dir='ltr'>nulli</span> <span class='ocrx_word' id='word_1_140' title='bbox 1459 1547 1542 1606; x_wconf 92' lang='lat' dir='ltr'>sunt</span> <span class='ocrx_word' id='word_1_141' title='bbox 1556 1536 1676 1606; x_wconf 87' lang='lat' dir='ltr'>bellici</span> <span class='ocrx_word' id='word_1_142' title='bbox 1690 1549 1878 1628; x_wconf 89' lang='lat' dir='ltr'>apparatus</span> <span class='ocrx_word' id='word_1_143' title='bbox 1893 1535 1933 1604; x_wconf 91' lang='lat' dir='ltr'>in</span> <span class='ocrx_word' id='word_1_144' title='bbox 1949 1529 2006 1605; x_wconf 91' lang='lat' dir='ltr'>his</span> <span class='ocrx_word' id='word_1_145' title='bbox 2021 1559 2078 1606; x_wconf 88' lang='lat' dir='ltr'>re-</span> 
     </span>
     <span class='ocr_line' id='line_1_14' title="bbox 50 1631 2077 1732; baseline -0.001 -23"><span class='ocrx_word' id='word_1_146' title='bbox 50 1641 201 1732; x_wconf 86' lang='lat' dir='ltr'>Princeps</span> <span class='ocrx_word' id='word_1_147' title='bbox 218 1631 419 1732; x_wconf 76' lang='lat' dir='ltr'>Georgius,</span> <span class='ocrx_word' id='word_1_148' title='bbox 442 1661 515 1706; x_wconf 90' lang='lat' dir='ltr'>non</span> <span class='ocrx_word' id='word_1_149' title='bbox 532 1639 646 1710; x_wconf 89' lang='lat' dir='ltr'>solum</span> <span class='ocrx_word' id='word_1_150' title='bbox 664 1635 898 1710; x_wconf 86' lang='lat' dir='ltr'>vetustissima</span> <span class='ocrx_word' id='word_1_151' title='bbox 916 1636 1030 1729; x_wconf 77' lang='lat' dir='ltr'>gentis</span> <span class='ocrx_word' id='word_1_152' title='bbox 1081 1639 1259 1728; x_wconf 81' lang='lat' dir='ltr'>gionibus·</span> <span class='ocrx_word' id='word_1_153' title='bbox 1306 1633 1466 1708; x_wconf 88' lang='lat' dir='ltr'>Bremoe</span> <span class='ocrx_word' id='word_1_154' title='bbox 1489 1636 1594 1707; x_wconf 89' lang='lat' dir='ltr'>etiam</span> <span class='ocrx_word' id='word_1_155' title='bbox 1614 1635 1794 1706; x_wconf 90' lang='lat' dir='ltr'>silentium</span> <span class='ocrx_word' id='word_1_156' title='bbox 1816 1659 1889 1706; x_wconf 84' lang='lat' dir='ltr'>csse</span> <span class='ocrx_word' id='word_1_157' title='bbox 1909 1637 2077 1708; x_wconf 76' lang='lat' dir='ltr'>scribitur</span> 
     </span>
     <span class='ocr_line' id='line_1_15' title="bbox 49 1731 2076 1834; baseline 0 -22"><span class='ocrx_word' id='word_1_158' title='bbox 49 1743 205 1812; x_wconf 77' lang='lat' dir='ltr'>,lsroniae</span> <span class='ocrx_word' id='word_1_159' title='bbox 230 1763 270 1807; x_wconf 89' lang='lat' dir='ltr'>ac</span> <span class='ocrx_word' id='word_1_160' title='bbox 286 1733 502 1809; x_wconf 81' lang='lat' dir='ltr'>Asthaltinae</span> <span class='ocrx_word' id='word_1_161' title='bbox 520 1740 722 1822; x_wconf 89' lang='lat' dir='ltr'>nobilitate,</span> <span class='ocrx_word' id='word_1_162' title='bbox 749 1735 928 1806; x_wconf 90' lang='lat' dir='ltr'>sedetiam</span> <span class='ocrx_word' id='word_1_163' title='bbox 947 1760 1027 1806; x_wconf 90' lang='lat' dir='ltr'>eru·</span> <span class='ocrx_word' id='word_1_164' title='bbox 1083 1740 1119 1808; x_wconf 88' lang='lat' dir='ltr'>in</span> <span class='ocrx_word' id='word_1_165' title='bbox 1133 1741 1247 1812; x_wconf 91' lang='lat' dir='ltr'>literis</span> <span class='ocrx_word' id='word_1_166' title='bbox 1264 1761 1386 1818; x_wconf 85' lang='lat' dir='ltr'>recens</span> <span class='ocrx_word' id='word_1_167' title='bbox 1399 1737 1525 1814; x_wconf 78' lang='lat' dir='ltr'>missis.</span> <span class='ocrx_word' id='word_1_168' title='bbox 1575 1733 1633 1813; x_wconf 82' lang='lat' dir='ltr'>cisi</span> <span class='ocrx_word' id='word_1_169' title='bbox 1656 1731 1696 1809; x_wconf 85' lang='lat' dir='ltr'>di</span> <span class='ocrx_word' id='word_1_170' title='bbox 1718 1733 1761 1810; x_wconf 84' lang='grc' dir='ltr'>τὸ</span> <span class='ocrx_word' id='word_1_171' title='bbox 1776 1733 1910 1832; x_wconf 59' lang='lat' dir='ltr'>atilios»</span> <span class='ocrx_word' id='word_1_172' title='bbox 1929 1733 2076 1834; x_wconf 79' lang='grc' dir='ltr'><strong><em>τυφλὸν</em></strong></span> 
     </span>
     <span class='ocr_line' id='line_1_16' title="bbox 48 1835 2077 1940; baseline -0.001 -28"><span class='ocrx_word' id='word_1_173' title='bbox 48 1845 187 1922; x_wconf 75' lang='lat' dir='ltr'>stitione,</span> <span class='ocrx_word' id='word_1_174' title='bbox 221 1855 254 1910; x_wconf 89' lang='lat' dir='ltr'>et</span> <span class='ocrx_word' id='word_1_175' title='bbox 285 1865 365 1909; x_wconf 74' lang='lat' dir='ltr'>vara</span> <span class='ocrx_word' id='word_1_176' title='bbox 399 1839 546 1932; x_wconf 86' lang='lat' dir='ltr'>pietate,</span> <span class='ocrx_word' id='word_1_177' title='bbox 580 1865 618 1910; x_wconf 87' lang='lat' dir='ltr'>ac</span> <span class='ocrx_word' id='word_1_178' title='bbox 649 1839 794 1909; x_wconf 87' lang='lat' dir='ltr'>caeteris</span> <span class='ocrx_word' id='word_1_179' title='bbox 826 1837 1028 1921; x_wconf 89' lang='lat' dir='ltr'>virtutibus,</span> <span class='ocrx_word' id='word_1_180' title='bbox 1080 1837 1199 1936; x_wconf 73' lang='grc' dir='ltr'><strong><em>ἕρπει,</em></strong></span> <span class='ocrx_word' id='word_1_181' title='bbox 1221 1853 1261 1912; x_wconf 92' lang='lat' dir='ltr'>ut</span> <span class='ocrx_word' id='word_1_182' title='bbox 1283 1841 1322 1910; x_wconf 82' lang='lat' dir='ltr'>in</span> <span class='ocrx_word' id='word_1_183' title='bbox 1338 1835 1538 1932; x_wconf 84' lang='lat' dir='ltr'>Sophocleo</span> <span class='ocrx_word' id='word_1_184' title='bbox 1554 1839 1647 1910; x_wconf 91' lang='lat' dir='ltr'>dicto</span> <span class='ocrx_word' id='word_1_185' title='bbox 1672 1839 1810 1940; x_wconf 77' lang='lat' dir='ltr'>legitur.</span> <span class='ocrx_word' id='word_1_186' title='bbox 1862 1837 1932 1910; x_wconf 90' lang='lat' dir='ltr'>Sed</span> <span class='ocrx_word' id='word_1_187' title='bbox 1954 1853 2077 1912; x_wconf 89' lang='lat' dir='ltr'>tenea-</span> 
     </span>
     <span class='ocr_line' id='line_1_17' title="bbox 48 1935 2074 2034; baseline -0 -22"><span class='ocrx_word' id='word_1_188' title='bbox 48 1947 127 2013; x_wconf 85' lang='lat' dir='ltr'>bono</span> <span class='ocrx_word' id='word_1_189' title='bbox 144 1943 311 2034; x_wconf 82' lang='lat' dir='ltr'>Principe</span> <span class='ocrx_word' id='word_1_190' title='bbox 326 1941 460 2030; x_wconf 81' lang='lat' dir='ltr'>dignis,</span> <span class='ocrx_word' id='word_1_191' title='bbox 487 1941 670 2020; x_wconf 86' lang='lat' dir='ltr'>excellens,</span> <span class='ocrx_word' id='word_1_192' title='bbox 696 1935 763 2010; x_wconf 92' lang='lat' dir='ltr'>hac</span> <span class='ocrx_word' id='word_1_193' title='bbox 777 1941 890 2009; x_wconf 91' lang='lat' dir='ltr'>lorma</span> <span class='ocrx_word' id='word_1_194' title='bbox 906 1963 1028 2010; x_wconf 89' lang='lat' dir='ltr'>rursus</span> <span class='ocrx_word' id='word_1_195' title='bbox 1081 1965 1159 2012; x_wconf 83' lang='lat' dir='ltr'>mtts</span> <span class='ocrx_word' id='word_1_196' title='bbox 1175 1943 1451 2012; x_wconf 79' lang='lat' dir='ltr'>consolationem</span> <span class='ocrx_word' id='word_1_197' title='bbox 1468 1941 1588 2011; x_wconf 89' lang='lat' dir='ltr'>divina</span> <span class='ocrx_word' id='word_1_198' title='bbox 1600 1965 1685 2010; x_wconf 89' lang='lat' dir='ltr'>voce</span> <span class='ocrx_word' id='word_1_199' title='bbox 1700 1941 1866 2011; x_wconf 86' lang='lat' dir='ltr'>traditam</span> <span class='ocrx_word' id='word_1_200' title='bbox 1877 1940 2074 2029; x_wconf 87' lang='lat' dir='ltr'>Ecclesiac;</span> 
     </span>
     <span class='ocr_line' id='line_1_18' title="bbox 49 2037 2074 2142; baseline 0 -28"><span class='ocrx_word' id='word_1_201' title='bbox 49 2045 104 2114; x_wconf 82' lang='lat' dir='ltr'>edi.</span> <span class='ocrx_word' id='word_1_202' title='bbox 151 2043 261 2113; x_wconf 80' lang='lat' dir='ltr'>Tales</span> <span class='ocrx_word' id='word_1_203' title='bbox 283 2038 465 2114; x_wconf 82' lang='lat' dir='ltr'>thesauros</span> <span class='ocrx_word' id='word_1_204' title='bbox 490 2043 526 2110; x_wconf 90' lang='lat' dir='ltr'>in</span> <span class='ocrx_word' id='word_1_205' title='bbox 551 2039 706 2112; x_wconf 78' lang='lat' dir='ltr'>Ecclesia</span> <span class='ocrx_word' id='word_1_206' title='bbox 731 2039 902 2112; x_wconf 90' lang='lat' dir='ltr'>custodiri</span> <span class='ocrx_word' id='word_1_207' title='bbox 924 2041 1026 2110; x_wconf 89' lang='lat' dir='ltr'>valde</span> <span class='ocrx_word' id='word_1_208' title='bbox 1079 2037 1245 2142; x_wconf 70' lang='lat' dir='ltr'>Egovos</span> <span class='ocrx_word' id='word_1_209' title='bbox 1258 2039 1536 2137; x_wconf 68' lang='lat' dir='ltr'>gestoloetiam</span> <span class='ocrx_word' id='word_1_210' title='bbox 1553 2041 1759 2130; x_wconf 73' lang='lat' dir='ltr'>inserena,</span> <span class='ocrx_word' id='word_1_211' title='bbox 1780 2040 1943 2122; x_wconf 85' lang='lat' dir='ltr'>acDeum</span> <span class='ocrx_word' id='word_1_212' title='bbox 1960 2057 2074 2120; x_wconf 82' lang='lat' dir='ltr'>aeter·</span> 
     </span>
     <span class='ocr_line' id='line_1_19' title="bbox 48 2137 2073 2240; baseline 0 -26"><span class='ocrx_word' id='word_1_213' title='bbox 48 2147 188 2238; x_wconf 88' lang='lat' dir='ltr'>prodest,</span> <span class='ocrx_word' id='word_1_214' title='bbox 216 2157 258 2216; x_wconf 92' lang='lat' dir='ltr'>ut</span> <span class='ocrx_word' id='word_1_215' title='bbox 276 2155 412 2214; x_wconf 85' lang='lat' dir='ltr'>exstent</span> <span class='ocrx_word' id='word_1_216' title='bbox 436 2144 658 2228; x_wconf 87' lang='lat' dir='ltr'>testimonia,</span> <span class='ocrx_word' id='word_1_217' title='bbox 682 2144 768 2240; x_wconf 89' lang='lat' dir='ltr'>quid</span> <span class='ocrx_word' id='word_1_218' title='bbox 792 2141 933 2235; x_wconf 90' lang='lat' dir='ltr'>probati</span> <span class='ocrx_word' id='word_1_219' title='bbox 950 2137 1025 2212; x_wconf 88' lang='lat' dir='ltr'>Ilo-</span> <span class='ocrx_word' id='word_1_220' title='bbox 1079 2169 1164 2220; x_wconf 88' lang='lat' dir='ltr'>num</span> <span class='ocrx_word' id='word_1_221' title='bbox 1187 2144 1330 2220; x_wconf 85' lang='lat' dir='ltr'>Patrem</span> <span class='ocrx_word' id='word_1_222' title='bbox 1347 2142 1494 2220; x_wconf 84' lang='lat' dir='ltr'>Domini</span> <span class='ocrx_word' id='word_1_223' title='bbox 1517 2143 1632 2216; x_wconf 84' lang='lat' dir='ltr'>nostri</span> <span class='ocrx_word' id='word_1_224' title='bbox 1652 2142 1732 2220; x_wconf 88' lang='lat' dir='ltr'>lesu</span> <span class='ocrx_word' id='word_1_225' title='bbox 1750 2137 1886 2216; x_wconf 84' lang='lat' dir='ltr'>Christi</span> <span class='ocrx_word' id='word_1_226' title='bbox 1908 2146 2073 2216; x_wconf 90' lang='lat' dir='ltr'>condito·</span> 
     </span>
     <span class='ocr_line' id='line_1_20' title="bbox 47 2239 2072 2338; baseline -0.001 -23"><span class='ocrx_word' id='word_1_227' title='bbox 47 2263 143 2318; x_wconf 86' lang='lat' dir='ltr'>ctores</span> <span class='ocrx_word' id='word_1_228' title='bbox 157 2247 201 2316; x_wconf 86' lang='lat' dir='ltr'>de</span> <span class='ocrx_word' id='word_1_229' title='bbox 219 2245 420 2338; x_wconf 85' lang='lat' dir='ltr'>praecipuis</span> <span class='ocrx_word' id='word_1_230' title='bbox 436 2245 604 2314; x_wconf 86' lang='lat' dir='ltr'>memhris</span> <span class='ocrx_word' id='word_1_231' title='bbox 618 2244 799 2314; x_wconf 86' lang='lat' dir='ltr'>doctrinae</span> <span class='ocrx_word' id='word_1_232' title='bbox 815 2244 855 2314; x_wconf 89' lang='lat' dir='ltr'>iu</span> <span class='ocrx_word' id='word_1_233' title='bbox 869 2239 1025 2314; x_wconf 83' lang='lat' dir='ltr'>Ecclesia</span> <span class='ocrx_word' id='word_1_234' title='bbox 1077 2271 1152 2322; x_wconf 86' lang='lat' dir='ltr'>rem</span> <span class='ocrx_word' id='word_1_235' title='bbox 1178 2247 1266 2316; x_wconf 90' lang='lat' dir='ltr'>coeli</span> <span class='ocrx_word' id='word_1_236' title='bbox 1290 2261 1324 2318; x_wconf 91' lang='lat' dir='ltr'>et</span> <span class='ocrx_word' id='word_1_237' title='bbox 1347 2259 1459 2318; x_wconf 87' lang='lat' dir='ltr'>terrae</span> <span class='ocrx_word' id='word_1_238' title='bbox 1482 2259 1518 2316; x_wconf 88' lang='lat' dir='ltr'>et</span> <span class='ocrx_word' id='word_1_239' title='bbox 1538 2243 1716 2317; x_wconf 86' lang='lat' dir='ltr'>Ecclesiae</span> <span class='ocrx_word' id='word_1_240' title='bbox 1738 2267 1822 2314; x_wconf 90' lang='lat' dir='ltr'>suae</span> <span class='ocrx_word' id='word_1_241' title='bbox 1846 2267 2005 2328; x_wconf 88' lang='lat' dir='ltr'>oremus,</span> <span class='ocrx_word' id='word_1_242' title='bbox 2030 2259 2072 2325; x_wconf 81' lang='lat' dir='ltr'>ut</span> 
     </span>
     <span class='ocr_line' id='line_1_21' title="bbox 46 2343 2072 2442; baseline -0 -24"><span class='ocrx_word' id='word_1_243' title='bbox 46 2349 218 2429; x_wconf 86' lang='lat' dir='ltr'>senserint,</span> <span class='ocrx_word' id='word_1_244' title='bbox 247 2370 336 2442; x_wconf 89' lang='lat' dir='ltr'>quae</span> <span class='ocrx_word' id='word_1_245' title='bbox 349 2359 384 2416; x_wconf 89' lang='lat' dir='ltr'>et</span> <span class='ocrx_word' id='word_1_246' title='bbox 397 2369 511 2430; x_wconf 91' lang='lat' dir='ltr'>nunc,</span> <span class='ocrx_word' id='word_1_247' title='bbox 536 2361 569 2416; x_wconf 90' lang='lat' dir='ltr'>et</span> <span class='ocrx_word' id='word_1_248' title='bbox 585 2347 630 2415; x_wconf 87' lang='lat' dir='ltr'>ad</span> <span class='ocrx_word' id='word_1_249' title='bbox 648 2343 906 2438; x_wconf 86' lang='lat' dir='ltr'>posteritatem,</span> <span class='ocrx_word' id='word_1_250' title='bbox 931 2343 1023 2420; x_wconf 88' lang='lat' dir='ltr'>mul·</span> <span class='ocrx_word' id='word_1_251' title='bbox 1078 2371 1142 2418; x_wconf 92' lang='lat' dir='ltr'>nos</span> <span class='ocrx_word' id='word_1_252' title='bbox 1157 2363 1253 2439; x_wconf 79' lang='lat' dir='ltr'>regat</span> <span class='ocrx_word' id='word_1_253' title='bbox 1267 2362 1300 2421; x_wconf 89' lang='lat' dir='ltr'>et</span> <span class='ocrx_word' id='word_1_254' title='bbox 1316 2361 1429 2422; x_wconf 86' lang='lat' dir='ltr'>servet</span> <span class='ocrx_word' id='word_1_255' title='bbox 1443 2347 1581 2440; x_wconf 87' lang='lat' dir='ltr'>aliquos</span> <span class='ocrx_word' id='word_1_256' title='bbox 1599 2361 1719 2418; x_wconf 88' lang='lat' dir='ltr'>coetus</span> <span class='ocrx_word' id='word_1_257' title='bbox 1732 2346 1849 2440; x_wconf 82' lang='lat' dir='ltr'>ipsum</span> <span class='ocrx_word' id='word_1_258' title='bbox 1864 2369 1944 2420; x_wconf 82' lang='lat' dir='ltr'>vere</span> <span class='ocrx_word' id='word_1_259' title='bbox 1965 2347 2072 2420; x_wconf 83' lang='lat' dir='ltr'>invo-</span> 
     </span>
     <span class='ocr_line' id='line_1_22' title="bbox 47 2445 1779 2540; baseline -0.003 -20"><span class='ocrx_word' id='word_1_260' title='bbox 47 2465 90 2520; x_wconf 90' lang='lat' dir='ltr'>tos</span> <span class='ocrx_word' id='word_1_261' title='bbox 102 2450 263 2520; x_wconf 86' lang='lat' dir='ltr'>erudiant</span> <span class='ocrx_word' id='word_1_262' title='bbox 280 2459 315 2517; x_wconf 91' lang='lat' dir='ltr'>et</span> <span class='ocrx_word' id='word_1_263' title='bbox 333 2447 560 2533; x_wconf 86' lang='lat' dir='ltr'>confirment,</span> <span class='ocrx_word' id='word_1_264' title='bbox 585 2462 619 2516; x_wconf 91' lang='lat' dir='ltr'>et</span> <span class='ocrx_word' id='word_1_265' title='bbox 633 2462 672 2517; x_wconf 91' lang='lat' dir='ltr'>ut</span> <span class='ocrx_word' id='word_1_266' title='bbox 687 2445 784 2516; x_wconf 89' lang='lat' dir='ltr'>Deus</span> <span class='ocrx_word' id='word_1_267' title='bbox 804 2459 898 2520; x_wconf 84' lang='lat' dir='ltr'>recte</span> <span class='ocrx_word' id='word_1_268' title='bbox 920 2446 1025 2518; x_wconf 89' lang='lat' dir='ltr'>invo-</span> <span class='ocrx_word' id='word_1_269' title='bbox 1076 2465 1213 2533; x_wconf 90' lang='lat' dir='ltr'>cantes,</span> <span class='ocrx_word' id='word_1_270' title='bbox 1239 2463 1275 2522; x_wconf 91' lang='lat' dir='ltr'>ct</span> <span class='ocrx_word' id='word_1_271' title='bbox 1288 2451 1399 2520; x_wconf 90' lang='lat' dir='ltr'>leniat</span> <span class='ocrx_word' id='word_1_272' title='bbox 1415 2447 1621 2519; x_wconf 89' lang='lat' dir='ltr'>iustissimas</span> <span class='ocrx_word' id='word_1_273' title='bbox 1637 2472 1779 2540; x_wconf 86' lang='lat' dir='ltr'>poenas.</span> 
     </span>
    </p>

    <p class='ocr_par' dir='ltr' id='par_1_6' title="bbox 40 2543 2073 3460">
     <span class='ocr_line' id='line_1_23' title="bbox 46 2543 2073 2644; baseline -0.004 -14"><span class='ocrx_word' id='word_1_274' title='bbox 46 2565 143 2630; x_wconf 65' lang='lat' dir='ltr'>tetur,</span> <span class='ocrx_word' id='word_1_275' title='bbox 170 2566 203 2620; x_wconf 94' lang='lat' dir='ltr'>et</span> <span class='ocrx_word' id='word_1_276' title='bbox 228 2565 269 2622; x_wconf 90' lang='lat' dir='ltr'>ut</span> <span class='ocrx_word' id='word_1_277' title='bbox 281 2546 460 2622; x_wconf 84' lang='lat' dir='ltr'>Ecclesiae</span> <span class='ocrx_word' id='word_1_278' title='bbox 483 2571 674 2618; x_wconf 84' lang='lat' dir='ltr'>consensus</span> <span class='ocrx_word' id='word_1_279' title='bbox 697 2563 731 2617; x_wconf 89' lang='lat' dir='ltr'>et</span> <span class='ocrx_word' id='word_1_280' title='bbox 747 2547 936 2618; x_wconf 92' lang='lat' dir='ltr'>concordia</span> <span class='ocrx_word' id='word_1_281' title='bbox 954 2548 1022 2616; x_wconf 87' lang='lat' dir='ltr'>rni-</span> <span class='ocrx_word' id='word_1_282' title='bbox 1175 2551 1284 2626; x_wconf 89' lang='lat' dir='ltr'>Mitto</span> <span class='ocrx_word' id='word_1_283' title='bbox 1300 2553 1366 2624; x_wconf 91' lang='lat' dir='ltr'>tibi</span> <span class='ocrx_word' id='word_1_284' title='bbox 1381 2549 1535 2644; x_wconf 81' lang='lat' dir='ltr'>pagellas</span> <span class='ocrx_word' id='word_1_285' title='bbox 1550 2547 1740 2624; x_wconf 86' lang='lat' dir='ltr'>Versuum.</span> <span class='ocrx_word' id='word_1_286' title='bbox 1790 2543 1937 2620; x_wconf 83' lang='lat' dir='ltr'>Ederus</span> <span class='ocrx_word' id='word_1_287' title='bbox 1958 2550 2073 2623; x_wconf 88' lang='lat' dir='ltr'>mittit</span> 
     </span>
     <span class='ocr_line' id='line_1_24' title="bbox 45 2647 2069 2746; baseline 0.001 -26"><span class='ocrx_word' id='word_1_288' title='bbox 45 2677 99 2722; x_wconf 87' lang='lat' dir='ltr'>nus</span> <span class='ocrx_word' id='word_1_289' title='bbox 112 2647 338 2724; x_wconf 88' lang='lat' dir='ltr'>distrahatur.</span> <span class='ocrx_word' id='word_1_290' title='bbox 392 2647 443 2719; x_wconf 84' lang='lat' dir='ltr'>Ac</span> <span class='ocrx_word' id='word_1_291' title='bbox 457 2649 616 2718; x_wconf 89' lang='lat' dir='ltr'>omnium</span> <span class='ocrx_word' id='word_1_292' title='bbox 634 2649 788 2719; x_wconf 83' lang='lat' dir='ltr'>lacrimis</span> <span class='ocrx_word' id='word_1_293' title='bbox 805 2649 1022 2740; x_wconf 85' lang='lat' dir='ltr'>deploranda</span> <span class='ocrx_word' id='word_1_294' title='bbox 1075 2651 1215 2740; x_wconf 74' lang='lat' dir='ltr'>Factus,</span> <span class='ocrx_word' id='word_1_295' title='bbox 1265 2679 1329 2724; x_wconf 86' lang='lat' dir='ltr'>uos</span> <span class='ocrx_word' id='word_1_296' title='bbox 1344 2669 1526 2746; x_wconf 87' lang='lat' dir='ltr'>utcunque</span> <span class='ocrx_word' id='word_1_297' title='bbox 1539 2650 1691 2741; x_wconf 77' lang='lat' dir='ltr'>collegit.</span> <span class='ocrx_word' id='word_1_298' title='bbox 1729 2647 1800 2722; x_wconf 83' lang='lat' dir='ltr'>Sed</span> <span class='ocrx_word' id='word_1_299' title='bbox 1816 2665 1983 2745; x_wconf 85' lang='lat' dir='ltr'>sequetur</span> <span class='ocrx_word' id='word_1_300' title='bbox 1997 2651 2069 2726; x_wconf 84' lang='lat' dir='ltr'>alia</span> 
     </span>
     <span class='ocr_line' id='line_1_25' title="bbox 44 2679 2069 2847; baseline 0.001 -25"><span class='ocrx_word' id='word_1_301' title='bbox 44 2769 71 2826; x_wconf 86' lang='lat' dir='ltr'>ct</span> <span class='ocrx_word' id='word_1_302' title='bbox 84 2754 282 2826; x_wconf 86' lang='lat' dir='ltr'>detestanda</span> <span class='ocrx_word' id='word_1_303' title='bbox 299 2765 350 2821; x_wconf 91' lang='lat' dir='ltr'>est</span> <span class='ocrx_word' id='word_1_304' title='bbox 366 2747 627 2844; x_wconf 86' lang='lat' dir='ltr'>Episcoporum</span> <span class='ocrx_word' id='word_1_305' title='bbox 644 2752 682 2818; x_wconf 91' lang='lat' dir='ltr'>in</span> <span class='ocrx_word' id='word_1_306' title='bbox 705 2744 770 2820; x_wconf 90' lang='lat' dir='ltr'>hac</span> <span class='ocrx_word' id='word_1_307' title='bbox 785 2773 822 2819; x_wconf 92' lang='lat' dir='ltr'>re</span> <span class='ocrx_word' id='word_1_308' title='bbox 840 2749 1020 2846; x_wconf 77' lang='lat' dir='ltr'>negligen·</span> <span class='ocrx_word' id='word_1_309' title='bbox 1074 2755 1183 2826; x_wconf 90' lang='lat' dir='ltr'>editio</span> <span class='ocrx_word' id='word_1_310' title='bbox 1198 2679 1337 2833; x_wconf 71' lang='lat' dir='ltr'>milior.</span> <span class='ocrx_word' id='word_1_311' title='bbox 1363 2751 1467 2823; x_wconf 90' lang='lat' dir='ltr'>Nunc</span> <span class='ocrx_word' id='word_1_312' title='bbox 1481 2749 1599 2830; x_wconf 80' lang='lat' dir='ltr'>Attica</span> <span class='ocrx_word' id='word_1_313' title='bbox 1615 2753 1690 2847; x_wconf 80' lang='lat' dir='ltr'>lege</span> <span class='ocrx_word' id='word_1_314' title='bbox 1702 2745 1795 2822; x_wconf 91' lang='lat' dir='ltr'>banc</span> <span class='ocrx_word' id='word_1_315' title='bbox 1807 2753 1958 2846; x_wconf 85' lang='lat' dir='ltr'>primam</span> <span class='ocrx_word' id='word_1_316' title='bbox 1974 2755 2069 2824; x_wconf 89' lang='lat' dir='ltr'>acci·</span> 
     </span>
     <span class='ocr_line' id='line_1_26' title="bbox 43 2849 2066 2952; baseline 0 -28"><span class='ocrx_word' id='word_1_317' title='bbox 43 2857 95 2938; x_wconf 85' lang='lat' dir='ltr'>tia,</span> <span class='ocrx_word' id='word_1_318' title='bbox 116 2857 174 2950; x_wconf 85' lang='lat' dir='ltr'>qui</span> <span class='ocrx_word' id='word_1_319' title='bbox 190 2879 267 2924; x_wconf 92' lang='lat' dir='ltr'>non</span> <span class='ocrx_word' id='word_1_320' title='bbox 286 2853 400 2922; x_wconf 89' lang='lat' dir='ltr'>solnm</span> <span class='ocrx_word' id='word_1_321' title='bbox 417 2865 550 2922; x_wconf 87' lang='lat' dir='ltr'>veteres</span> <span class='ocrx_word' id='word_1_322' title='bbox 566 2851 677 2922; x_wconf 88' lang='lat' dir='ltr'>libros</span> <span class='ocrx_word' id='word_1_323' title='bbox 693 2851 853 2942; x_wconf 89' lang='lat' dir='ltr'>puriores</span> <span class='ocrx_word' id='word_1_324' title='bbox 868 2873 941 2922; x_wconf 87' lang='lat' dir='ltr'>non</span> <span class='ocrx_word' id='word_1_325' title='bbox 959 2875 1019 2921; x_wconf 93' lang='lat' dir='ltr'>cu·</span> <span class='ocrx_word' id='word_1_326' title='bbox 1073 2857 1157 2952; x_wconf 86' lang='lat' dir='ltr'>pito.</span> <span class='ocrx_word' id='word_1_327' title='bbox 1212 2853 1302 2932; x_wconf 87' lang='lat' dir='ltr'>Nam</span> <span class='ocrx_word' id='word_1_328' title='bbox 1327 2849 1478 2928; x_wconf 80' lang='lat' dir='ltr'>Athenis</span> <span class='ocrx_word' id='word_1_329' title='bbox 1508 2851 1684 2942; x_wconf 83' lang='lat' dir='ltr'>fabulam,</span> <span class='ocrx_word' id='word_1_330' title='bbox 1716 2877 1796 2923; x_wconf 89' lang='lat' dir='ltr'>cum</span> <span class='ocrx_word' id='word_1_331' title='bbox 1829 2877 1951 2927; x_wconf 88' lang='lat' dir='ltr'>recens</span> <span class='ocrx_word' id='word_1_332' title='bbox 1982 2870 2066 2936; x_wconf 86' lang='lat' dir='ltr'>nata</span> 
     </span>
     <span class='ocr_line' id='line_1_27' title="bbox 42 2947 2067 3052; baseline -0.005 -17"><span class='ocrx_word' id='word_1_333' title='bbox 42 2957 241 3035; x_wconf 59' lang='lat' dir='ltr'>hodierum,</span> <span class='ocrx_word' id='word_1_334' title='bbox 268 2955 327 3026; x_wconf 63' lang='lat' dir='ltr'>sed</span> <span class='ocrx_word' id='word_1_335' title='bbox 346 2953 451 3026; x_wconf 77' lang='lat' dir='ltr'>ellam</span> <span class='ocrx_word' id='word_1_336' title='bbox 475 2955 587 3024; x_wconf 85' lang='lat' dir='ltr'>multa</span> <span class='ocrx_word' id='word_1_337' title='bbox 608 2951 829 3046; x_wconf 85' lang='lat' dir='ltr'>supposititia</span> <span class='ocrx_word' id='word_1_338' title='bbox 849 2958 886 3022; x_wconf 90' lang='lat' dir='ltr'>&#39;ct</span> <span class='ocrx_word' id='word_1_339' title='bbox 908 2947 1018 3026; x_wconf 91' lang='lat' dir='ltr'>notha</span> <span class='ocrx_word' id='word_1_340' title='bbox 1070 2958 1225 3052; x_wconf 90' lang='lat' dir='ltr'>primum</span> <span class='ocrx_word' id='word_1_341' title='bbox 1247 2953 1491 3039; x_wconf 79' lang='lat' dir='ltr'>exhiberetur,</span> <span class='ocrx_word' id='word_1_342' title='bbox 1523 2977 1596 3032; x_wconf 84' lang='lat' dir='ltr'>non</span> <span class='ocrx_word' id='word_1_343' title='bbox 1616 2955 1717 3026; x_wconf 88' lang='lat' dir='ltr'>licuit</span> <span class='ocrx_word' id='word_1_344' title='bbox 1737 2956 1923 3048; x_wconf 87' lang='lat' dir='ltr'>explodere</span> <span class='ocrx_word' id='word_1_345' title='bbox 1945 2951 2067 3026; x_wconf 89' lang='lat' dir='ltr'>adhuc</span> 
     </span>
     <span class='ocr_line' id='line_1_28' title="bbox 42 3053 2064 3150; baseline -0.001 -24"><span class='ocrx_word' id='word_1_346' title='bbox 42 3059 149 3148; x_wconf 86' lang='lat' dir='ltr'>scripta</span> <span class='ocrx_word' id='word_1_347' title='bbox 167 3059 203 3128; x_wconf 90' lang='lat' dir='ltr'>iu</span> <span class='ocrx_word' id='word_1_348' title='bbox 220 3053 414 3127; x_wconf 87' lang='lat' dir='ltr'>Ecclesiam</span> <span class='ocrx_word' id='word_1_349' title='bbox 432 3067 643 3146; x_wconf 88' lang='lat' dir='ltr'>sparscmnt.</span> <span class='ocrx_word' id='word_1_350' title='bbox 684 3053 753 3123; x_wconf 89' lang='lat' dir='ltr'>Sed</span> <span class='ocrx_word' id='word_1_351' title='bbox 772 3068 887 3123; x_wconf 90' lang='lat' dir='ltr'>tamen</span> <span class='ocrx_word' id='word_1_352' title='bbox 903 3053 1017 3124; x_wconf 90' lang='lat' dir='ltr'>bonae</span> <span class='ocrx_word' id='word_1_353' title='bbox 1071 3059 1238 3150; x_wconf 82' lang='lat' dir='ltr'>ignotam.</span> <span class='ocrx_word' id='word_1_354' title='bbox 1287 3055 1341 3136; x_wconf 83' lang='lat' dir='ltr'>lle</span> <span class='ocrx_word' id='word_1_355' title='bbox 1356 3056 1620 3144; x_wconf 78' lang='lat' dir='ltr'>conventuscio</span> <span class='ocrx_word' id='word_1_356' title='bbox 1636 3079 1858 3131; x_wconf 89' lang='lat' dir='ltr'>communem</span> <span class='ocrx_word' id='word_1_357' title='bbox 1876 3057 2064 3138; x_wconf 82' lang='lat' dir='ltr'>essesolli-</span> 
     </span>
     <span class='ocr_line' id='line_1_29' title="bbox 41 3153 2064 3249; baseline -0.004 -22"><span class='ocrx_word' id='word_1_358' title='bbox 41 3173 155 3230; x_wconf 75' lang='lat' dir='ltr'>menies</span> <span class='ocrx_word' id='word_1_359' title='bbox 176 3157 257 3228; x_wconf 86' lang='lat' dir='ltr'>Deo</span> <span class='ocrx_word' id='word_1_360' title='bbox 279 3157 408 3246; x_wconf 76' lang='lat' dir='ltr'>gralias</span> <span class='ocrx_word' id='word_1_361' title='bbox 438 3169 563 3246; x_wconf 77' lang='lat' dir='ltr'>agani,</span> <span class='ocrx_word' id='word_1_362' title='bbox 591 3157 653 3249; x_wconf 88' lang='lat' dir='ltr'>qui</span> <span class='ocrx_word' id='word_1_363' title='bbox 676 3155 794 3248; x_wconf 79' lang='lat' dir='ltr'>aliqua</span> <span class='ocrx_word' id='word_1_364' title='bbox 818 3153 1014 3224; x_wconf 79' lang='lat' dir='ltr'>testimonia</span> <span class='ocrx_word' id='word_1_365' title='bbox 1069 3159 1261 3231; x_wconf 76' lang='lat' dir='ltr'>citudinem</span> <span class='ocrx_word' id='word_1_366' title='bbox 1281 3160 1372 3230; x_wconf 74' lang='lat' dir='ltr'>bene</span> <span class='ocrx_word' id='word_1_367' title='bbox 1394 3157 1590 3232; x_wconf 81' lang='lat' dir='ltr'>volentium</span> <span class='ocrx_word' id='word_1_368' title='bbox 1604 3155 1794 3228; x_wconf 74' lang='lat' dir='ltr'>Ecclesiae.</span> <span class='ocrx_word' id='word_1_369' title='bbox 1840 3155 1911 3236; x_wconf 80' lang='lat' dir='ltr'>Sed</span> <span class='ocrx_word' id='word_1_370' title='bbox 1933 3160 2064 3248; x_wconf 70' lang='lat' dir='ltr'>guber.</span> 
     </span>
     <span class='ocr_line' id='line_1_30' title="bbox 41 3255 2063 3352; baseline 0 -26"><span class='ocrx_word' id='word_1_371' title='bbox 41 3259 224 3352; x_wconf 88' lang='lat' dir='ltr'>imorrupta</span> <span class='ocrx_word' id='word_1_372' title='bbox 250 3257 489 3337; x_wconf 76' lang='lat' dir='ltr'>conset-ravit,</span> <span class='ocrx_word' id='word_1_373' title='bbox 514 3271 548 3327; x_wconf 89' lang='lat' dir='ltr'>et</span> <span class='ocrx_word' id='word_1_374' title='bbox 569 3255 720 3326; x_wconf 87' lang='lat' dir='ltr'>subinde</span> <span class='ocrx_word' id='word_1_375' title='bbox 738 3255 917 3325; x_wconf 87' lang='lat' dir='ltr'>doctrinae</span> <span class='ocrx_word' id='word_1_376' title='bbox 934 3278 1016 3326; x_wconf 86' lang='lat' dir='ltr'>suae</span> <span class='ocrx_word' id='word_1_377' title='bbox 1068 3261 1168 3337; x_wconf 74' lang='lat' dir='ltr'>nabit</span> <span class='ocrx_word' id='word_1_378' title='bbox 1184 3257 1281 3331; x_wconf 84' lang='lat' dir='ltr'>Deus</span> <span class='ocrx_word' id='word_1_379' title='bbox 1296 3255 1363 3332; x_wconf 85' lang='lat' dir='ltr'>boc</span> <span class='ocrx_word' id='word_1_380' title='bbox 1380 3259 1590 3352; x_wconf 74' lang='lat' dir='ltr'>periculum,</span> <span class='ocrx_word' id='word_1_381' title='bbox 1636 3257 1734 3330; x_wconf 88' lang='lat' dir='ltr'>Bene</span> <span class='ocrx_word' id='word_1_382' title='bbox 1750 3273 1785 3332; x_wconf 89' lang='lat' dir='ltr'>ct</span> <span class='ocrx_word' id='word_1_383' title='bbox 1799 3257 1971 3331; x_wconf 76' lang='lat' dir='ltr'>foeliciter</span> <span class='ocrx_word' id='word_1_384' title='bbox 1983 3262 2063 3332; x_wconf 83' lang='lat' dir='ltr'>vale</span> 
     </span>
     <span class='ocr_line' id='line_1_31' title="bbox 40 3353 1583 3460; baseline 0.001 -32"><span class='ocrx_word' id='word_1_385' title='bbox 40 3359 133 3430; x_wconf 88' lang='lat' dir='ltr'>lucem</span> <span class='ocrx_word' id='word_1_386' title='bbox 150 3360 323 3431; x_wconf 84' lang='lat' dir='ltr'>restituit:</span> <span class='ocrx_word' id='word_1_387' title='bbox 349 3381 455 3452; x_wconf 90' lang='lat' dir='ltr'>quam</span> <span class='ocrx_word' id='word_1_388' title='bbox 477 3381 523 3428; x_wconf 88' lang='lat' dir='ltr'>nc</span> <span class='ocrx_word' id='word_1_389' title='bbox 539 3358 634 3428; x_wconf 88' lang='lat' dir='ltr'>sinat</span> <span class='ocrx_word' id='word_1_390' title='bbox 647 3357 842 3446; x_wconf 82' lang='lat' dir='ltr'>exstingui,</span> <span class='ocrx_word' id='word_1_391' title='bbox 866 3357 1015 3432; x_wconf 84' lang='lat' dir='ltr'>assiduis</span> <span class='ocrx_word' id='word_1_392' title='bbox 1067 3378 1102 3442; x_wconf 70' lang='lat' dir='ltr'>et</span> <span class='ocrx_word' id='word_1_393' title='bbox 1118 3363 1282 3438; x_wconf 78' lang='lat' dir='ltr'>rescribe.</span> <span class='ocrx_word' id='word_1_394' title='bbox 1332 3360 1408 3444; x_wconf 79' lang='lat' dir='ltr'>Cal.</span> <span class='ocrx_word' id='word_1_395' title='bbox 1425 3359 1518 3436; x_wconf 88' lang='lat' dir='ltr'>Maii</span> <span class='ocrx_word' id='word_1_396' title='bbox 1533 3353 1583 3460; x_wconf 76' lang='lat'>¹).</span> 
     </span>
    </p>

    <p class='ocr_par' dir='ltr' id='par_1_7' title="bbox 38 3452 2008 3652">
     <span class='ocr_line' id='line_1_32' title="bbox 38 3452 2008 3560; baseline 0.005 -34"><span class='ocrx_word' id='word_1_397' title='bbox 38 3461 112 3530; x_wconf 86' lang='lat' dir='ltr'>rotis</span> <span class='ocrx_word' id='word_1_398' title='bbox 126 3476 159 3531; x_wconf 89' lang='lat' dir='ltr'>ct</span> <span class='ocrx_word' id='word_1_399' title='bbox 171 3461 364 3552; x_wconf 78' lang='lat' dir='ltr'>gemitibus</span> <span class='ocrx_word' id='word_1_400' title='bbox 381 3481 462 3528; x_wconf 90' lang='lat' dir='ltr'>eum</span> <span class='ocrx_word' id='word_1_401' title='bbox 478 3481 637 3543; x_wconf 84' lang='lat' dir='ltr'>oremus,</span> <span class='ocrx_word' id='word_1_402' title='bbox 661 3471 702 3528; x_wconf 92' lang='lat' dir='ltr'>ut</span> <span class='ocrx_word' id='word_1_403' title='bbox 718 3457 836 3549; x_wconf 90' lang='lat' dir='ltr'>plures</span> <span class='ocrx_word' id='word_1_404' title='bbox 852 3452 1014 3528; x_wconf 90' lang='lat' dir='ltr'>homines</span> <span class='ocrx_word' id='word_1_405' title='bbox 1575 3455 1765 3560; x_wconf 88' lang='lat' dir='ltr'>Philippus</span> <span class='ocrx_word' id='word_1_406' title='bbox 1781 3454 2008 3536; x_wconf 83' lang='lat' dir='ltr'>Melanthott.</span> 
     </span>
     <span class='ocr_line' id='line_1_33' title="bbox 38 3557 1012 3652; baseline 0.001 -24"><span class='ocrx_word' id='word_1_407' title='bbox 38 3560 134 3652; x_wconf 90' lang='lat' dir='ltr'>ipsum</span> <span class='ocrx_word' id='word_1_408' title='bbox 160 3563 198 3632; x_wconf 92' lang='lat' dir='ltr'>in</span> <span class='ocrx_word' id='word_1_409' title='bbox 224 3560 328 3631; x_wconf 91' lang='lat' dir='ltr'>omui</span> <span class='ocrx_word' id='word_1_410' title='bbox 349 3559 555 3630; x_wconf 85' lang='lat' dir='ltr'>aeternitate</span> <span class='ocrx_word' id='word_1_411' title='bbox 577 3583 660 3629; x_wconf 87' lang='lat' dir='ltr'>vera</span> <span class='ocrx_word' id='word_1_412' title='bbox 686 3557 903 3649; x_wconf 80' lang='lat' dir='ltr'>gratitudine</span> <span class='ocrx_word' id='word_1_413' title='bbox 922 3559 1012 3634; x_wconf 88' lang='lat' dir='ltr'>cele-</span> 
     </span>
    </p>

    <p class='ocr_par' dir='ltr' id='par_1_8' title="bbox 37 3655 1011 3756">
     <span class='ocr_line' id='line_1_34' title="bbox 37 3655 1011 3756; baseline 0.003 -28"><span class='ocrx_word' id='word_1_414' title='bbox 37 3662 130 3734; x_wconf 82' lang='lat' dir='ltr'>brent.</span> <span class='ocrx_word' id='word_1_415' title='bbox 181 3661 244 3732; x_wconf 83' lang='lat' dir='ltr'>tttt</span> <span class='ocrx_word' id='word_1_416' title='bbox 268 3661 392 3744; x_wconf 88' lang='lat' dir='ltr'>etiam,</span> <span class='ocrx_word' id='word_1_417' title='bbox 418 3659 482 3756; x_wconf 84' lang='lat' dir='ltr'>qui</span> <span class='ocrx_word' id='word_1_418' title='bbox 504 3661 661 3734; x_wconf 90' lang='lat' dir='ltr'>studium</span> <span class='ocrx_word' id='word_1_419' title='bbox 681 3655 815 3730; x_wconf 89' lang='lat' dir='ltr'>habent</span> <span class='ocrx_word' id='word_1_420' title='bbox 837 3673 929 3729; x_wconf 89' lang='lat' dir='ltr'>recte</span> <span class='ocrx_word' id='word_1_421' title='bbox 947 3663 1011 3731; x_wconf 88' lang='lat' dir='ltr'>do·</span> 
     </span>
    </p>

    <p class='ocr_par' dir='ltr' id='par_1_9' title="bbox 34 3757 2056 4086">
     <span class='ocr_line' id='line_1_35' title="bbox 37 3757 2046 3872; baseline -0 -41"><span class='ocrx_word' id='word_1_422' title='bbox 37 3765 137 3848; x_wconf 89' lang='lat' dir='ltr'>cendi,</span> <span class='ocrx_word' id='word_1_423' title='bbox 167 3765 243 3835; x_wconf 86' lang='lat' dir='ltr'>sint</span> <span class='ocrx_word' id='word_1_424' title='bbox 272 3763 311 3830; x_wconf 91' lang='lat' dir='ltr'>in</span> <span class='ocrx_word' id='word_1_425' title='bbox 338 3761 470 3832; x_wconf 85' lang='lat' dir='ltr'>tuenda</span> <span class='ocrx_word' id='word_1_426' title='bbox 492 3761 682 3834; x_wconf 84' lang='lat' dir='ltr'>concordia</span> <span class='ocrx_word' id='word_1_427' title='bbox 712 3783 815 3830; x_wconf 85' lang='lat' dir='ltr'>verae</span> <span class='ocrx_word' id='word_1_428' title='bbox 835 3757 1012 3832; x_wconf 90' lang='lat' dir='ltr'>Ecclesiae</span> <span class='ocrx_word' id='word_1_429' title='bbox 1063 3797 1130 3872; x_wconf 53' lang='lat' dir='ltr'>No·</span> <span class='ocrx_word' id='word_1_430' title='bbox 1144 3793 1246 3870; x_wconf 69' lang='lat'>4709</span> <span class='ocrx_word' id='word_1_431' title='bbox 1913 3806 1942 3870; x_wconf 40' lang='lat'>¹·</span> <span class='ocrx_word' id='word_1_432' title='bbox 1958 3795 2046 3868; x_wconf 82' lang='lat' dir='ltr'>Maii.</span> 
     </span>
     <span class='ocr_line' id='line_1_36' title="bbox 35 3847 2056 3956; baseline -0.001 -26"><span class='ocrx_word' id='word_1_433' title='bbox 35 3863 280 3956; x_wconf 73' lang='lat' dir='ltr'>diligentiores,</span> <span class='ocrx_word' id='word_1_434' title='bbox 300 3885 346 3933; x_wconf 85' lang='lat' dir='ltr'>nc</span> <span class='ocrx_word' id='word_1_435' title='bbox 358 3862 523 3947; x_wconf 83' lang='lat' dir='ltr'>dissidia,</span> <span class='ocrx_word' id='word_1_436' title='bbox 541 3873 620 3933; x_wconf 88' lang='lat' dir='ltr'>orta</span> <span class='ocrx_word' id='word_1_437' title='bbox 631 3862 677 3933; x_wconf 86' lang='lat' dir='ltr'>ab</span> <span class='ocrx_word' id='word_1_438' title='bbox 691 3861 897 3949; x_wconf 77' lang='lat' dir='ltr'>affectibus,</span> <span class='ocrx_word' id='word_1_439' title='bbox 913 3877 1009 3956; x_wconf 84' lang='lat' dir='ltr'>post-</span> <span class='ocrx_word' id='word_1_440' title='bbox 1068 3847 1259 3954; x_wconf 43' lang='grc' dir='ltr'>,θ’</span> <span class='ocrx_word' id='word_1_441' title='bbox 1887 3889 2056 3929; x_wconf 61' lang='lat' dir='ltr'>ww</span> 
     </span>
     <span class='ocr_line' id='line_1_37' title="bbox 34 3963 1709 4086; baseline -0.001 -52"><span class='ocrx_word' id='word_1_442' title='bbox 34 3987 65 4034; x_wconf 87' lang='lat' dir='ltr'>ea</span> <span class='ocrx_word' id='word_1_443' title='bbox 91 3969 295 4058; x_wconf 72' lang='lat' dir='ltr'>dogmatum</span> <span class='ocrx_word' id='word_1_444' title='bbox 319 3963 605 4036; x_wconf 86' lang='lat' dir='ltr'>dilacerationem</span> <span class='ocrx_word' id='word_1_445' title='bbox 636 3964 794 4056; x_wconf 87' lang='lat' dir='ltr'>pariant,</span> <span class='ocrx_word' id='word_1_446' title='bbox 833 3975 875 4035; x_wconf 90' lang='lat' dir='ltr'>ut</span> <span class='ocrx_word' id='word_1_447' title='bbox 907 3986 1009 4057; x_wconf 84' lang='lat' dir='ltr'>saepe</span> <span class='ocrx_word' id='word_1_448' title='bbox 1408 3971 1709 4086; x_wconf 48' lang='lat'>1003553312·0‚</span> 
     </span>
    </p>
   </div>
   <div class='ocr_carea' id='block_1_3' title="bbox 31 4059 1965 4258">
    <p class='ocr_par' dir='ltr' id='par_1_10' title="bbox 31 4059 1965 4258">
     <span class='ocr_line' id='line_1_38' title="bbox 31 4059 1965 4258; baseline -0.018 -21"><span class='ocrx_word' id='word_1_449' title='bbox 31 4067 152 4240; x_wconf 68' lang='lat' dir='ltr'>tlt</span> <span class='ocrx_word' id='word_1_450' title='bbox 165 4059 1010 4258; x_wconf 52' lang='lat' dir='ltr'>Mittit:titttttttttlt‘litii}</span> <span class='ocrx_word' id='word_1_451' title='bbox 1127 4130 1453 4208; x_wconf 54' lang='lat' dir='ltr'>morus</span> <span class='ocrx_word' id='word_1_452' title='bbox 1469 4131 1568 4206; x_wconf 63' lang='lat' dir='ltr'>aa·</span> <span class='ocrx_word' id='word_1_453' title='bbox 1590 4128 1760 4188; x_wconf 62' lang='lat' dir='ltr'>cosm</span> <span class='ocrx_word' id='word_1_454' title='bbox 1773 4130 1832 4190; x_wconf 70' lang='lat' dir='ltr'>m</span> <span class='ocrx_word' id='word_1_455' title='bbox 1848 4151 1892 4206; x_wconf 61' lang='lat' dir='ltr'>es</span> <span class='ocrx_word' id='word_1_456' title='bbox 1905 4133 1965 4192; x_wconf 73' lang='grc' dir='ltr'>ιιι</span> 
     </span>
    </p>
   </div>
   <div class='ocr_carea' id='block_1_4' title="bbox 31 4267 2052 4490">
    <p class='ocr_par' dir='ltr' id='par_1_11' title="bbox 31 4267 2052 4490">
     <span class='ocr_line' id='line_1_39' title="bbox 31 4267 2052 4387; baseline 0.014 -53"><span class='ocrx_word' id='word_1_457' title='bbox 31 4279 88 4386; x_wconf 70' lang='lat' dir='ltr'>tes,</span> <span class='ocrx_word' id='word_1_458' title='bbox 108 4291 234 4360; x_wconf 74' lang='lat' dir='ltr'>nugor</span> <span class='ocrx_word' id='word_1_459' title='bbox 247 4269 417 4352; x_wconf 80' lang='lat' dir='ltr'>vulnera,</span> <span class='ocrx_word' id='word_1_460' title='bbox 439 4291 531 4387; x_wconf 68' lang='lat' dir='ltr'>puae</span> <span class='ocrx_word' id='word_1_461' title='bbox 544 4267 648 4338; x_wconf 71' lang='lat' dir='ltr'>mulli</span> <span class='ocrx_word' id='word_1_462' title='bbox 662 4267 767 4338; x_wconf 67' lang='lat' dir='ltr'>fffl‘l</span> <span class='ocrx_word' id='word_1_463' title='bbox 782 4287 829 4335; x_wconf 73' lang='lat'>¹¹0</span> <span class='ocrx_word' id='word_1_464' title='bbox 848 4267 1007 4338; x_wconf 59' lang='lat' dir='ltr'>millum</span> <span class='ocrx_word' id='word_1_465' title='bbox 1058 4290 1394 4380; x_wconf 63' lang='lat' dir='ltr'>Clarissimum,</span> <span class='ocrx_word' id='word_1_466' title='bbox 1418 4287 1620 4367; x_wconf 78' lang='lat' dir='ltr'>eruditione</span> <span class='ocrx_word' id='word_1_467' title='bbox 1634 4297 1668 4365; x_wconf 80' lang='lat' dir='ltr'>el</span> <span class='ocrx_word' id='word_1_468' title='bbox 1682 4288 1812 4362; x_wconf 78' lang='lat' dir='ltr'>virtute</span> <span class='ocrx_word' id='word_1_469' title='bbox 1829 4291 2052 4387; x_wconf 79' lang='lat' dir='ltr'>praestanti,</span> 
     </span>
     <span class='ocr_line' id='line_1_40' title="bbox 31 4365 2051 4490; baseline 0.002 -56"><span class='ocrx_word' id='word_1_470' title='bbox 31 4371 175 4460; x_wconf 71' lang='lat' dir='ltr'>quasdem,</span> <span class='ocrx_word' id='word_1_471' title='bbox 194 4369 301 4438; x_wconf 84' lang='lat' dir='ltr'>multi</span> <span class='ocrx_word' id='word_1_472' title='bbox 315 4370 529 4439; x_wconf 70' lang='lat' dir='ltr'>laceratione</span> <span class='ocrx_word' id='word_1_473' title='bbox 546 4368 741 4439; x_wconf 72' lang='lat' dir='ltr'>emaciatum</span> <span class='ocrx_word' id='word_1_474' title='bbox 757 4380 898 4458; x_wconf 74' lang='lat' dir='ltr'>augent.</span> <span class='ocrx_word' id='word_1_475' title='bbox 931 4365 1007 4438; x_wconf 76' lang='lat' dir='ltr'>ssas</span> <span class='ocrx_word' id='word_1_476' title='bbox 1056 4397 1112 4479; x_wconf 49' lang='lat' dir='ltr'>D·</span> <span class='ocrx_word' id='word_1_477' title='bbox 1132 4392 1312 4476; x_wconf 60' lang='lat' dir='ltr'><strong><em>somn·</em></strong></span> <span class='ocrx_word' id='word_1_478' title='bbox 1329 4390 1554 4490; x_wconf 51' lang='lat' dir='ltr'>susm-0,</span> <span class='ocrx_word' id='word_1_479' title='bbox 1577 4389 1757 4488; x_wconf 55' lang='lat' dir='ltr'>sapum,</span> <span class='ocrx_word' id='word_1_480' title='bbox 1780 4389 1925 4488; x_wconf 45' lang='lat' dir='ltr'>ingena·</span> <span class='ocrx_word' id='word_1_481' title='bbox 1947 4417 2051 4466; x_wconf 54' lang='lat' dir='ltr'>sum,</span> 
     </span>
    </p>
   </div>
   <div class='ocr_carea' id='block_1_5' title="bbox 28 4469 1972 4658">
    <p class='ocr_par' dir='ltr' id='par_1_12' title="bbox 28 4469 1972 4658">
     <span class='ocr_line' id='line_1_41' title="bbox 31 4469 1972 4600; baseline 0.002 -62"><span class='ocrx_word' id='word_1_482' title='bbox 31 4481 127 4588; x_wconf 73' lang='lat' dir='ltr'>tantas</span> <span class='ocrx_word' id='word_1_483' title='bbox 139 4470 299 4590; x_wconf 73' lang='lat' dir='ltr'>miserias</span> <span class='ocrx_word' id='word_1_484' title='bbox 313 4491 551 4590; x_wconf 65' lang='lat' dir='ltr'>agnoscamus,</span> <span class='ocrx_word' id='word_1_485' title='bbox 570 4481 606 4540; x_wconf 88' lang='lat' dir='ltr'>et</span> <span class='ocrx_word' id='word_1_486' title='bbox 618 4469 772 4590; x_wconf 63' lang='lat' dir='ltr'>pomum</span> <span class='ocrx_word' id='word_1_487' title='bbox 788 4471 880 4540; x_wconf 83' lang='lat' dir='ltr'>veris</span> <span class='ocrx_word' id='word_1_488' title='bbox 895 4471 1006 4561; x_wconf 74' lang='lat' dir='ltr'>gemi-</span> <span class='ocrx_word' id='word_1_489' title='bbox 1128 4525 1192 4580; x_wconf 57' lang='grc' dir='ltr'><em>Μ</em></span> <span class='ocrx_word' id='word_1_490' title='bbox 1210 4489 1402 4600; x_wconf 56' lang='lat' dir='ltr'>man„</span> <span class='ocrx_word' id='word_1_491' title='bbox 1424 4493 1545 4570; x_wconf 58' lang='lat' dir='ltr'>amm</span> <span class='ocrx_word' id='word_1_492' title='bbox 1556 4517 1625 4565; x_wconf 59' lang='grc' dir='ltr'>,Μ</span> <span class='ocrx_word' id='word_1_493' title='bbox 1640 4491 1852 4576; x_wconf 52' lang='lat' dir='ltr'>carissimo,</span> <span class='ocrx_word' id='word_1_494' title='bbox 1872 4494 1911 4572; x_wconf 47' lang='lat' dir='ltr'>s·</span> <span class='ocrx_word' id='word_1_495' title='bbox 1927 4493 1972 4579; x_wconf 52' lang='grc' dir='ltr'>ῃ,</span> 
     </span>
     <span class='ocr_line' id='line_1_42' title="bbox 28 4566 1004 4658; baseline 0.003 -21"><span class='ocrx_word' id='word_1_496' title='bbox 28 4570 107 4640; x_wconf 75' lang='lat' dir='ltr'>tibus</span> <span class='ocrx_word' id='word_1_497' title='bbox 119 4571 381 4642; x_wconf 77' lang='lat' dir='ltr'>Samaritarum</span> <span class='ocrx_word' id='word_1_498' title='bbox 395 4569 498 4640; x_wconf 79' lang='lat' dir='ltr'>illum</span> <span class='ocrx_word' id='word_1_499' title='bbox 512 4583 678 4656; x_wconf 78' lang='lat' dir='ltr'>veterem,</span> <span class='ocrx_word' id='word_1_500' title='bbox 694 4593 768 4642; x_wconf 84' lang='lat' dir='ltr'>sert</span> <span class='ocrx_word' id='word_1_501' title='bbox 779 4566 845 4640; x_wconf 73' lang='lat' dir='ltr'>ttet</span> <span class='ocrx_word' id='word_1_502' title='bbox 861 4569 1004 4658; x_wconf 75' lang='lat' dir='ltr'>Primus,</span> 
     </span>
    </p>
   </div>
   <div class='ocr_carea' id='block_1_6' title="bbox 29 4637 2047 5269">
    <p class='ocr_par' dir='ltr' id='par_1_13' title="bbox 29 4637 2047 5166">
     <span class='ocr_line' id='line_1_43' title="bbox 30 4637 2047 4780; baseline -0.019 -38"><span class='ocrx_word' id='word_1_503' title='bbox 30 4665 203 4747; x_wconf 77' lang='lat' dir='ltr'>hominm</span> <span class='ocrx_word' id='word_1_504' title='bbox 219 4685 382 4743; x_wconf 89' lang='lat' dir='ltr'>nostrum</span> <span class='ocrx_word' id='word_1_505' title='bbox 404 4667 520 4743; x_wconf 87' lang='lat' dir='ltr'>lesum</span> <span class='ocrx_word' id='word_1_506' title='bbox 537 4667 737 4753; x_wconf 86' lang='lat' dir='ltr'>Christum,</span> <span class='ocrx_word' id='word_1_507' title='bbox 761 4671 825 4766; x_wconf 84' lang='lat' dir='ltr'>qui</span> <span class='ocrx_word' id='word_1_508' title='bbox 839 4671 1002 4744; x_wconf 58' lang='lat' dir='ltr'>adfinis..</span> <span class='ocrx_word' id='word_1_509' title='bbox 1054 4637 1192 4780; x_wconf 66' lang='lat' dir='ltr'>(iariss.</span> <span class='ocrx_word' id='word_1_510' title='bbox 1214 4645 1362 4769; x_wconf 55' lang='lat' dir='ltr'>Stigeir}</span> <span class='ocrx_word' id='word_1_511' title='bbox 1417 4643 1466 4717; x_wconf 90' lang='lat' dir='ltr'>Et</span> <span class='ocrx_word' id='word_1_512' title='bbox 1486 4639 1641 4765; x_wconf 78' lang='lat' dir='ltr'>Reipub.</span> <span class='ocrx_word' id='word_1_513' title='bbox 1663 4643 1826 4762; x_wconf 60' lang='lat' dir='ltr'>uomiry,</span> <span class='ocrx_word' id='word_1_514' title='bbox 1858 4659 1893 4718; x_wconf 70' lang='lat' dir='ltr'>ca</span> <span class='ocrx_word' id='word_1_515' title='bbox 1911 4669 1992 4716; x_wconf 65' lang='lat' dir='ltr'>meo</span> <span class='ocrx_word' id='word_1_516' title='bbox 2010 4660 2047 4766; x_wconf 66' lang='lat'>²⁸.</span> 
     </span>
     <span class='ocr_line' id='line_1_44' title="bbox 31 4747 2045 4866; baseline -0.014 -25"><span class='ocrx_word' id='word_1_517' title='bbox 31 4771 87 4856; x_wconf 84' lang='lat' dir='ltr'>rit,</span> <span class='ocrx_word' id='word_1_518' title='bbox 106 4797 141 4844; x_wconf 82' lang='lat' dir='ltr'>se</span> <span class='ocrx_word' id='word_1_519' title='bbox 160 4797 301 4864; x_wconf 85' lang='lat' dir='ltr'>semper</span> <span class='ocrx_word' id='word_1_520' title='bbox 323 4773 509 4844; x_wconf 90' lang='lat' dir='ltr'>nobiscum</span> <span class='ocrx_word' id='word_1_521' title='bbox 533 4795 741 4844; x_wconf 87' lang='lat' dir='ltr'>mansurum</span> <span class='ocrx_word' id='word_1_522' title='bbox 764 4795 855 4859; x_wconf 87' lang='lat' dir='ltr'>esse,</span> <span class='ocrx_word' id='word_1_523' title='bbox 879 4793 1001 4865; x_wconf 58' lang='lat' dir='ltr'>prae.</span> <span class='ocrx_word' id='word_1_524' title='bbox 1053 4777 1269 4838; x_wconf 86' lang='lat' dir='ltr'>amtcorum,</span> <span class='ocrx_word' id='word_1_525' title='bbox 1293 4747 1452 4830; x_wconf 81' lang='lat' dir='ltr'>trbtrlro</span> <span class='ocrx_word' id='word_1_526' title='bbox 1473 4759 1508 4818; x_wconf 90' lang='lat' dir='ltr'>et</span> <span class='ocrx_word' id='word_1_527' title='bbox 1522 4751 1653 4866; x_wconf 35' lang='lat' dir='ltr'>‘poetae</span> <span class='ocrx_word' id='word_1_528' title='bbox 1674 4757 1810 4864; x_wconf 75' lang='lat' dir='ltr'>optimo</span> <span class='ocrx_word' id='word_1_529' title='bbox 1830 4747 1959 4835; x_wconf 78' lang='lat' dir='ltr'>gratias</span> <span class='ocrx_word' id='word_1_530' title='bbox 1979 4769 2045 4836; x_wconf 71' lang='lat' dir='ltr'>ago</span> 
     </span>
     <span class='ocr_line' id='line_1_45' title="bbox 29 4847 2044 4966; baseline -0.013 -23"><span class='ocrx_word' id='word_1_531' title='bbox 29 4891 109 4958; x_wconf 85' lang='lat' dir='ltr'>mur,</span> <span class='ocrx_word' id='word_1_532' title='bbox 136 4886 175 4945; x_wconf 88' lang='lat' dir='ltr'>ut</span> <span class='ocrx_word' id='word_1_533' title='bbox 193 4876 270 4966; x_wconf 80' lang='lat' dir='ltr'>ipse</span> <span class='ocrx_word' id='word_1_534' title='bbox 297 4895 361 4944; x_wconf 85' lang='lat' dir='ltr'>sua</span> <span class='ocrx_word' id='word_1_535' title='bbox 383 4873 541 4946; x_wconf 84' lang='lat' dir='ltr'>balsama</span> <span class='ocrx_word' id='word_1_536' title='bbox 561 4874 695 4946; x_wconf 87' lang='lat' dir='ltr'>uostris</span> <span class='ocrx_word' id='word_1_537' title='bbox 713 4873 925 4956; x_wconf 71' lang='lat' dir='ltr'>uulneribus</span> <span class='ocrx_word' id='word_1_538' title='bbox 938 4873 1001 4945; x_wconf 72' lang='lat' dir='ltr'>in.</span> <span class='ocrx_word' id='word_1_539' title='bbox 1053 4855 1313 4952; x_wconf 84' lang='lat' dir='ltr'>proloculento</span> <span class='ocrx_word' id='word_1_540' title='bbox 1328 4850 1494 4931; x_wconf 83' lang='lat' dir='ltr'>carmine,</span> <span class='ocrx_word' id='word_1_541' title='bbox 1520 4871 1559 4915; x_wconf 92' lang='lat' dir='ltr'>m</span> <span class='ocrx_word' id='word_1_542' title='bbox 1573 4871 1655 4941; x_wconf 88' lang='lat' dir='ltr'>qno,</span> <span class='ocrx_word' id='word_1_543' title='bbox 1681 4859 1721 4917; x_wconf 88' lang='lat' dir='ltr'>ut</span> <span class='ocrx_word' id='word_1_544' title='bbox 1736 4847 1804 4916; x_wconf 82' lang='lat' dir='ltr'>alra</span> <span class='ocrx_word' id='word_1_545' title='bbox 1821 4848 1929 4918; x_wconf 86' lang='lat' dir='ltr'>multa</span> <span class='ocrx_word' id='word_1_546' title='bbox 1945 4869 2044 4918; x_wconf 88' lang='lat' dir='ltr'>nunc</span> 
     </span>
     <span class='ocr_line' id='line_1_46' title="bbox 30 4943 2043 5070; baseline -0.012 -30"><span class='ocrx_word' id='word_1_547' title='bbox 30 4971 151 5062; x_wconf 79' lang='lat' dir='ltr'>iordat3</span> <span class='ocrx_word' id='word_1_548' title='bbox 175 4961 305 5044; x_wconf 86' lang='lat' dir='ltr'>deinde</span> <span class='ocrx_word' id='word_1_549' title='bbox 320 4997 555 5068; x_wconf 71' lang='lat' dir='ltr'>unaquoque,</span> <span class='ocrx_word' id='word_1_550' title='bbox 574 4975 999 5070; x_wconf 61' lang='lat' dir='ltr'>qubuspsssumusaffi.</span> <span class='ocrx_word' id='word_1_551' title='bbox 1052 4983 1125 5030; x_wconf 90' lang='lat' dir='ltr'>uon</span> <span class='ocrx_word' id='word_1_552' title='bbox 1152 4957 1318 5039; x_wconf 81' lang='lat' dir='ltr'>recitem,</span> <span class='ocrx_word' id='word_1_553' title='bbox 1348 4950 1496 5022; x_wconf 80' lang='lat' dir='ltr'>mirilico</span> <span class='ocrx_word' id='word_1_554' title='bbox 1513 4972 1571 5018; x_wconf 83' lang='lat' dir='ltr'>me</span> <span class='ocrx_word' id='word_1_555' title='bbox 1596 4947 1796 5018; x_wconf 82' lang='lat' dir='ltr'>consolatus</span> <span class='ocrx_word' id='word_1_556' title='bbox 1819 4962 1869 5018; x_wconf 86' lang='lat' dir='ltr'>est</span> <span class='ocrx_word' id='word_1_557' title='bbox 1899 4945 1954 5016; x_wconf 76' lang='lat' dir='ltr'>ecl</span> <span class='ocrx_word' id='word_1_558' title='bbox 1981 4943 2043 5020; x_wconf 87' lang='lat' dir='ltr'>hic</span> 
     </span>
     <span class='ocr_line' id='line_1_47' title="bbox 31 5069 1302 5166; baseline -0.022 -13"><span class='ocrx_word' id='word_1_559' title='bbox 31 5071 95 5158; x_wconf 75' lang='lat' dir='ltr'>tiis,</span> <span class='ocrx_word' id='word_1_560' title='bbox 117 5089 272 5166; x_wconf 62' lang='lat' dir='ltr'>acu-css</span> <span class='ocrx_word' id='word_1_561' title='bbox 287 5069 687 5162; x_wconf 62' lang='lat' dir='ltr'>sustenta-amm,</span> <span class='ocrx_word' id='word_1_562' title='bbox 713 5077 997 5166; x_wconf 54' lang='lat' dir='ltr'>amputamus</span> <span class='ocrx_word' id='word_1_563' title='bbox 1048 5083 1142 5133; x_wconf 79' lang='lat' dir='ltr'>unus</span> <span class='ocrx_word' id='word_1_564' title='bbox 1161 5077 1302 5148; x_wconf 75' lang='lat' dir='ltr'>venus,</span> 
     </span>
    </p>

    <p class='ocr_par' dir='ltr' id='par_1_14' title="bbox 31 5151 1880 5269">
     <span class='ocr_line' id='line_1_48' title="bbox 31 5151 1880 5269; baseline -0.016 -24"><span class='ocrx_word' id='word_1_565' title='bbox 31 5183 56 5240; x_wconf 79' lang='lat' dir='ltr'>el</span> <span class='ocrx_word' id='word_1_566' title='bbox 72 5177 214 5248; x_wconf 80' lang='lat' dir='ltr'>officioso</span> <span class='ocrx_word' id='word_1_567' title='bbox 234 5171 365 5269; x_wconf 85' lang='lat' dir='ltr'>hospiti</span> <span class='ocrx_word' id='word_1_568' title='bbox 383 5173 626 5266; x_wconf 76' lang='lat' dir='ltr'>Samaritanus</span> <span class='ocrx_word' id='word_1_569' title='bbox 647 5177 809 5250; x_wconf 81' lang='lat' dir='ltr'>saucium</span> <span class='ocrx_word' id='word_1_570' title='bbox 822 5169 995 5256; x_wconf 72' lang='lat' dir='ltr'>&#39;datorem</span> <span class='ocrx_word' id='word_1_571' title='bbox 1112 5222 1116 5231; x_wconf 94' lang='lat'>.</span> <span class='ocrx_word' id='word_1_572' title='bbox 1146 5165 1394 5253; x_wconf 71' lang='lat' dir='ltr'>l&#39;raessptsmqrs</span> <span class='ocrx_word' id='word_1_573' title='bbox 1409 5161 1498 5223; x_wconf 78' lang='lat' dir='ltr'>refert</span> <span class='ocrx_word' id='word_1_574' title='bbox 1513 5179 1573 5240; x_wconf 66' lang='lat' dir='ltr'>aar</span> <span class='ocrx_word' id='word_1_575' title='bbox 1591 5155 1752 5255; x_wconf 17' lang='lat' dir='ltr'>reinberto</span> <span class='ocrx_word' id='word_1_576' title='bbox 1767 5151 1880 5222; x_wconf 78' lang='lat' dir='ltr'>Deum.</span> 
     </span>
    </p>
   </div>
   <div class='ocr_carea' id='block_1_7' title="bbox 1178 1047 1915 1180">
    <p class='ocr_par' dir='ltr' id='par_1_15' title="bbox 1178 1047 1915 1180">
     <span class='ocr_line' id='line_1_49' title="bbox 1178 1047 1915 1180; baseline -0.012 -21"><span class='ocrx_word' id='word_1_577' title='bbox 1178 1047 1183 1056; x_wconf 91' lang='lat'>.</span> <span class='ocrx_word' id='word_1_578' title='bbox 1251 1075 1915 1180; x_wconf 76' lang='lat' dir='ltr'>Hieronymo-Bomgortrtero</span> 
     </span>
    </p>
   </div>
   <div class='ocr_carea' id='block_1_8' title="bbox 31 5270 1253 5356">
    <p class='ocr_par' dir='ltr' id='par_1_16' title="bbox 31 5270 1253 5356">
     <span class='ocr_line' id='line_1_50' title="bbox 31 5270 1253 5356; baseline 0.012 -16"><span class='ocrx_word' id='word_1_579' title='bbox 31 5277 240 5354; x_wconf 82' lang='lat' dir='ltr'>commendat.</span> <span class='ocrx_word' id='word_1_580' title='bbox 287 5273 386 5352; x_wconf 86' lang='lat' dir='ltr'>Beue</span> <span class='ocrx_word' id='word_1_581' title='bbox 408 5270 504 5353; x_wconf 79' lang='lat' dir='ltr'>vale!</span> <span class='ocrx_word' id='word_1_582' title='bbox 556 5270 835 5356; x_wconf 70' lang='lat' dir='ltr'>catam-&#39;Maii</span> <span class='ocrx_word' id='word_1_583' title='bbox 884 5277 994 5355; x_wconf 80' lang='lat' dir='ltr'>Anno</span> <span class='ocrx_word' id='word_1_584' title='bbox 1047 5313 1253 5334; x_wconf 87' lang='lat'><strong><em>--···-·</em></strong></span> 
     </span>
    </p>
   </div>
   <div class='ocr_carea' id='block_1_9' title="bbox 31 5342 1616 5484">
    <p class='ocr_par' dir='ltr' id='par_1_17' title="bbox 31 5342 1616 5484">
     <span class='ocr_line' id='line_1_51' title="bbox 31 5342 1616 5484; baseline -0.011 -18"><span class='ocrx_word' id='word_1_585' title='bbox 31 5365 175 5453; x_wconf 58' lang='lat' dir='ltr'>llll-1⁸</span> <span class='ocrx_word' id='word_1_586' title='bbox 482 5401 487 5419; x_wconf 89' lang='lat'><strong>·</strong></span> <span class='ocrx_word' id='word_1_587' title='bbox 1077 5389 1565 5484; x_wconf 57' lang='lat' dir='ltr'>autemmonstruosi</span> <span class='ocrx_word' id='word_1_588' title='bbox 1592 5342 1616 5438; x_wconf 73' lang='lat'>÷¹</span> 
     </span>
    </p>
   </div>
   <div class='ocr_carea' id='block_1_10' title="bbox 0 0 2332 5816">
    <p class='ocr_par' dir='ltr' id='par_1_18' title="bbox 0 0 2332 5816">
     <span class='ocr_line' id='line_1_52' title="bbox 0 0 2332 5816; baseline 0 9"><span class='ocrx_word' id='word_1_589' title='bbox 0 0 2332 5816; x_wconf 95' lang='lat' dir='ltr'> </span> 
     </span>
    </p>
   </div>
  </div>
 </body>
</html>
