4670 5808
223 255 301 334 Μ
783 247 1220 330 EPISTOLARUM
1269 247 1379 326 Llll.
1402 243 1489 349 'xtt
1544 247 1675 326 1552.
2193 249 2271 326 Pil

225 431 316 516 sine,
340 449 406 498 nec
428 423 520 495 sinat
538 417 614 492 lieri
635 415 1074 490 barbaricasvastationes.
1124 413 1222 486 llaec
1273 411 1372 486 volni
1390 436 1539 486 onerare
1554 435 1652 484 meos
1666 411 1818 504 collegas
1832 411 2003 506 peniculo.
2054 413 2191 507 Scripsi
2206 416 2271 506 igi.

228 555 312 602 vero
324 527 468 620 gemitu,
494 525 780 614 deprecantem
795 515 1083 604 nobislrliollei,
1109 531 1223 588 auer—
1274 529 1334 588 tnr
1353 537 1433 586 meo
1456 515 1622 600 nornine,
1655 529 1689 586 et
1710 517 1843 586 resultas
1862 537 1986 586 onera
2006 539 2189 587 nam
2214 541 2272 588 ca-

227 655 315 703 num
340 641 477 722 patrem
508 623 646 694 domini
677 624 792 694 nostri
817 620 897 691 lesu
925 616 1060 691 Obristi
1088 641 1223 711 precor.
1274 641 1367 702 ram,
1406 641 1447 688 ac
1474 617 1504 688 si
1529 617 1569 686 in
1598 615 1757 688 editione
1780 617 2061 703 domiinisseru,
2093 619 2272 690 leniissm

228 732 441 820 Noribergae
465 727 522 798 die
543 723 795 796 Conversionis
812 721 934 794 Sancti
950 720 1064 792 Pauli.
1114 715 1223 790 Anno
1274 719 1426 790 aliorum
1440 719 1751 812 subscriptionem.

228 832 375 905 Dfflissl
392 828 446 904 M·
462 825 508 901 D·
522 825 601 898 1²¹¹·
1375 851 1513 944 Perlegi
1535 866 1637 925 tuum
1654 851 1842 944 scriptum,
1867 867 1903 926 et
1915 869 1955 927 ut
1970 856 2094 928 monui
2110 855 2271 928 Purssia-

1275 977 1352 1042 cos,
1376 969 1418 1027 ut
1433 957 1477 1026 de
1493 957 1618 1026 merito
1634 950 1770 1027 Christi
1785 971 2003 1048 pugnarent,
2035 973 2070 1028 et
2086 959 2130 1028 de
2149 983 2273 1051 perpe-

867 1071 1216 1094 *·-········“········
1275 1069 1336 1128 tua
1360 1057 1567 1127 remissione
1590 1057 1629 1126 iu
1653 1051 1719 1126 hac
1738 1058 1826 1142 vita,
1856 1081 1922 1130 nec
1937 1059 2090 1130 tolerem
2106 1083 2272 1150 praescn-

1275 1159 1361 1228 tiam
1382 1157 1596 1228 divinitatis:
1630 1158 1680 1230 ita
1701 1157 1795 1228 idem
1822 1159 2092 1250 significandum
2116 1163 2182 1230 tibi
2201 1185 2273 1232 esse

228 1255 296 1337 tto.
313 1259 425 1336 6036.
850 1257 985 1334 enirn.
1013 1251 1175 1344 (Norint.)
1276 1259 1381 1347 duxit
1414 1273 1518 1356 teque
1545 1281 1629 1346 oro,
1662 1272 1703 1330 ut
1733 1281 1846 1330 meam
1875 1263 2157 1334 admonitionem
2186 1265 2273 1335 boni

235 1357 407 1390 Μ
802 1353 1225 1399 mm
1278 1361 1452 1436 consulas.

613 1453 653 1538 Ῑ·
682 1451 838 1539 Imm·
1379 1493 1535 1568 Maxime
1558 1495 1662 1588 cupio
1682 1511 1798 1568 tecum
1814 1497 1989 1592 colloqui,
2014 1511 2071 1583 et,
2096 1523 2176 1570 curn
2196 1525 2275 1594 spe·

298 1637 458 1706 nummo,
475 1633 568 1701 W·
586 1633 682 1702 m·
703 1631 778 1688 trts.
796 1649 823 1703 p.
837 1631 898 1690 291,
1277 1623 1371 1684 rem,
1396 1621 1462 1669 uos
1478 1611 1538 1669 aut
1556 1598 1625 1668 cito
1642 1599 1789 1668 domurn
1805 1591 1890 1670 binc
1907 1599 2188 1686 redituros-esse,
2215 1619 2274 1675 aut

1278 1701 1413 1772 diutius
1435 1695 1495 1770 bic
1515 1713 1815 1784 commoraturos,
1846 1701 1994 1770 omnino
2017 1703 2158 1772 decrevi
2180 1707 2227 1774 ad
2242 1720 2274 1776 te

281 1789 483 1892 Philippus
496 1781 725 1862 Melanthea
753 1783 882 1860 Iustu
907 1785 937 1860 Ι
942 1811 1056 1862 onae
1081 1787 1117 1860 S.
1132 1781 1177 1858 D·
1278 1803 1452 1874 accedere.
1504 1798 1577 1872 Iter
1600 1813 1643 1872 ut
1663 1813 1766 1872 antea
1793 1825 1856 1894 per
1877 1801 1945 1870 alia
1964 1802 2040 1872 locs
2055 1805 2274 1898 Ιιιιιιίιιειιιιιι

233 1931 447 2018 Reverende
463 1939 520 2008 vir
535 1955 570 2008 et
585 1937 696 2006 amice
709 1931 799 2006 mihi
814 1937 1006 2025 carissime3
1034 1952 1069 2009 et
1082 1949 1229 2030 propter
1279 1905 1443 1976 duum
1457 1902 1589 1986 ¹¹⁰⁸lll=
1613 1902 1701 1972 '¹¹⁰5
1718 1915 1803 1974 *ΠΜ
1816 1903 2125 1974 ‘mmmmm

232 2045 407 2116 amicitiae
430 2053 637 2111 vetustatem
660 2059 699 2108 ac
715 2037 841 2125 tidem,
872 2053 907 2110 et
923 2055 1067 2133 propter
1083 2039 1229 2108 eximias
1380 2031 1435 2106 De
1455 2035 1631 2125 legatione
1653 2049 1793 2122 nostra,
1818 2039 1914 2132 quod
1936 2038 2025 2108 scire
2048 2039 2168 2130 cupis,
2193 2039 2274 2108 dedi

231 2162 310 2219 tuas
336 2145 501 2226 virtrttes,
538 2153 573 2210 et
596 2139 730 2229 ingenii
753 2141 1014 2232 praestantiam.
1080 2137 1230 2231 Semper
1279 2136 1384 2208 initio
1403 2137 1613 2222 consilium,
1635 2149 1693 2218 ut,
1716 2136 1747 2208 si
1768 2139 1960 2228 postularet
1974 2137 2172 2232 imperator
2185 2141 2275 2210 mitti

233 2247 300 2319 ltoc
321 2241 515 2316 Ecclesiam
540 2241 710 2324 servavit,
750 2256 808 2325 nt,
846 2241 950 2312 novis
979 2241 1230 2312 controversiis
1280 2239 1437 2332 aliquos,
1458 2238 1657 2308 communis
1672 2239 1802 2328 legatio
1818 2240 2013 2310 multorum
2030 2243 2276 2312 nominemit·

227 2347 356 2448 motis,
381 2343 613 2416 convenirent
626 2340 738 2434 aliqui
751 2343 795 2411 ad
812 2365 1037 2413 communem
1053 2343 1230 2412 delibera·
1279 2353 1432 2420 teretur,
1457 2353 1492 2410 et
1512 2341 1559 2410 ob
1574 2363 1650 2408 eam
1663 2363 1803 2412 canum
1819 2341 1947 2433 scripta
1961 2341 2032 2413 lirit
2045 2343 2276 2412 confessionis
2325 2363 2326 2454 p

233 2453 386 2532 tionem,
419 2460 460 2516 ut
483 2445 522 2514 lit
544 2445 583 2512 in
606 2438 753 2514 historia
771 2439 1042 2536 Apostolorum,
1069 2457 1104 2513 et
1117 2443 1157 2512 in
1173 2466 1230 2512 ne-
1280 2439 1470 2534 repetitio'
1520 2437 1664 2525 Postea,
1694 2441 1778 2534 quia
1811 2441 1874 2512 alii
1905 2443 2003 2512 alind
2035 2443 2275 2535 disputarunt,

232 2550 408 2622 irratione
429 2543 668 2627 samosateni,
701 2557 737 2614 et
760 2545 798 2613 in
819 2545 899 2615 aliis
919 2545 1095 2618 extremis.
1145 2541 1230 2614 ldeo
1281 2554 1414 2612 mutata
1437 2554 1523 2612 sunt
1544 2535 1630 2611 haec
1649 2541 1808 2613 consilia.
1857 2541 1942 2614 Vidi
1954 2557 2146 2638 quaternas
2161 2547 2276 2618 literas

235 2675 316 2724 cum
348 2642 429 2718 dccx
449 2641 626 2716 Penestae
647 2644 819 2733 flagitaret
850 2645 1113 2737 responsiones,
1148 2645 1231 2715 dedi
1284 2641 1553 2736 imperatorias,
1585 2643 1715 2738 quibus
1742 2645 1913 2735 postulat,
1939 2659 1979 2715 ut
1995 2645 2111 2740 aliqui
2132 2647 2275 2718 mittan·

235 2751 424 2824 consilium
437 2749 575 2818 duabus
589 2745 690 2827 aulis,
715 2759 757 2816 nt
770 2762 932 2816 curarent
949 2745 1136 2816 convocari
1151 2747 1232 2837 plu·
1280 2759 1359 2829 tur,
1385 2757 1420 2814 et
1436 2743 1579 2838 quidem
1594 2767 1670 2813 non
1682 2743 1728 2814 ab
1741 2769 1816 2814 uno
1831 2743 2015 2838 Principe,
2038 2749 2098 2816 sed
2118 2771 2138 2817 a
2157 2749 2275 2818 ceteris

235 2875 308 2938 res,
333 2866 374 2922 ut
393 2873 464 2921 una
488 2863 523 2919 et
538 2847 762 2918 consentiens
780 2849 963 2940 responsio
980 2849 1176 2918 mitteretur
1193 2848 1232 2918 in
1282 2867 1437 2938 quoqne.
1487 2843 1561 2916 Nos
1583 2845 1694 2936 igitur
1714 2845 1801 2915 iussi
1823 2840 1893 2916 hue
1916 2849 2064 2940 profecti
2079 2871 2224 2934 sumus,
2247 2863 2276 2920 et

237 2953 434 3036 Prussiam,
464 2973 510 3020 ne
536 2947 788 3020 dissimilitudo
813 2967 905 3020 nova
922 2949 1113 3020 certamina
1128 2971 1231 3040 pare·
1282 2947 1396 3018 lilium
1408 2943 1477 3016 Dei
1490 2969 1650 3032 oramus,
1673 2959 1715 3018 nt
1729 2947 1835 3018 nobis
1848 2947 1951 3022 adsit.
2002 2948 2132 3022 Sinon
2157 2973 2276 3020 conce-

235 3069 307 3141 ret;
334 3051 559 3146 repudiatum
574 3043 707 3120 esthoc
721 3051 908 3122 consilium
924 3051 963 3120 in
977 3065 1125 3144 utraque
1139 3051 1232 3120 aula.
1283 3048 1337 3116 dit
1365 3047 1475 3117 reteri
1503 3046 1640 3138 priores
1664 3047 1832 3119 articulos
1856 3049 1980 3132 lalsos,
2012 3063 2107 3121 reeta
2134 3051 2275 3122 ὀοιιιιιιιι

235 3152 274 3228 Ο
289 3175 365 3226 rem
380 3152 564 3223 miseram!
617 3145 676 3221 Ad
689 3166 819 3223 ceteras
831 3147 1070 3222 Ecclesiamm
1087 3151 1233 3222 calami-
1282 3147 1400 3219 redire
1424 3149 1662 3234 decrevimus,
1695 3149 1765 3218 nisi
1792 3147 1830 3220 in
1857 3173 2031 3220 carcmem
2054 3153 2276 3224 abducimur.
2324 3209 2325 3228 ι

237 3271 326 3333 tates
345 3253 561 3326 tristissimas
574 3247 660 3322 haec
672 3254 823 3324 servitus
837 3253 942 3325 etiarn
961 3253 1111 3338 accedit,
1136 3265 1234 3322 utne
1281 3245 1534 3342 Exspectamus
1554 3262 1674 3320 autern
1687 3245 1806 3320 adltnc
1823 3273 2029 3342 responsum
2043 3254 2089 3322 de
2107 3253 2183 3323 illis
2197 3253 2276 3324 arti-

237 3359 385 3454 qnidem
410 3353 567 3446 colloqui
589 3353 693 3422 nobis
716 3353 830 3428 liceat.
880 3353 953 3424 Nec
968 3375 1031 3444 ego
1050 3351 1234 3444 Principes
1282 3351 1373 3421 cnlis
1392 3349 1609 3436 retexendis,
1641 3373 1721 3436 seu,
1754 3365 1796 3424 nt
1816 3367 1964 3434 vocant,
2002 3355 2276 3427 readsumendis.

239 3479 385 3543 accuso,
415 3455 478 3550 qui
499 3467 664 3524 metuunt
687 3467 826 3525 nostros
841 3477 1067 3544 congressus,
1091 3456 1149 3526 sed
1166 3477 1234 3525 no·
1283 3449 1447 3523 Nostram
1463 3451 1655 3526 amicitiam
1670 3453 1751 3524 volo
1767 3467 1943 3524 aeternam
1959 3477 2053 3539 esse,
2075 3469 2111 3525 et
2124 3457 2277 3526 terremur
2324 3461 2325 3500 ἒ

241 3561 303 3632 stri
331 3558 445 3650 gregis
476 3580 515 3625 ac
547 3555 727 3624 iuniorum
750 3555 969 3626 eruditorum
993 3555 1235 3648 petulantiam,
1283 3575 1323 3622 ea
1348 3555 1388 3622 in
1412 3553 1668 3623 consuetudine
1690 3553 1844 3624 coelesti.
1896 3552 2087 3626 Praestabo
2111 3571 2147 3628 et
2162 3557 2203 3627 in
2220 3552 2276 3626 luc

241 3661 321 3757 qui,
352 3681 432 3730 cnm
457 3658 621 3741 videant,
654 3657 842 3749 plausibile
867 3679 940 3728 esse
961 3679 1102 3727 movere
1123 3679 1235 3726 novos
1284 3655 1354 3723 vita
1372 3653 1491 3725 omnia
1504 3653 1607 3725 amici
1622 3655 1750 3729 ollieia.
1800 3653 1921 3726 Tuum
1935 3658 2118 3746 negotium
2136 3657 2178 3728 in
2195 3655 2277 3730 Aca-

241 3762 431 3844 tumultus,
470 3760 707 3852 undecunque
737 3759 915 3850 arripiunt
941 3759 1141 3829 occasiones
1162 3757 1236 3828 dis-
1284 3755 1419 3840 demis,
1453 3755 1657 3850 quicunque
1680 3756 1851 3830 tenebunt
1865 3753 2140 3850 Rempulrlicam
2167 3759 2278 3852 perfici

242 3862 429 3935 sentiendi.
480 3859 602 3953 ltaque
624 3883 705 3930 cum
719 3859 825 3928 multi
840 3859 1236 3948 exmultisregionibus
1284 3877 1387 3948 posse
1410 3879 1524 3948 spero·
1574 3855 1731 3929 Salutem
1754 3857 1820 3928 tibi
1845 3875 2046 3930 reverenter
2065 3873 2195 3949 optant
2218 3859 2276 3930 mei

242 3965 440 4052 flagitarent
451 3961 736 4050 responsionem,
761 3960 886 4052 scripsi
899 3962 945 4031 de
958 3983 997 4030 ea
1010 3975 1121 4054 parte,
1147 3983 1237 4054 quae
1286 3957 1437 4047 collegae
1451 3951 1840 4027 ErosmurSor-eerius
1855 3952 2051 4031 etPacens.
2084 3957 2275 4032 Brention

241 4077 295 4134 est
317 4054 595 4156 κορυφαισιάτῃ
615 4063 741 4153 plane,
767 4075 801 4132 et
820 4063 896 4132 sine
911 4063 1055 4152 magieis
1073 4061 1237 4132 clamori-
1286 4058 1392 4128 etiarn
1415 4071 1664 4150 exspectamus.
1715 4058 1785 4132 Sed
1809 4061 1958 4130 scribam
1984 4057 2069 4132 hinc
2085 4064 2276 4156 saepiussi

244 4169 321 4237 bus.
370 4157 491 4233 Omisi
518 4161 622 4230 etiarn
645 4163 835 4252 certamina
860 4166 904 4232 de
927 4163 1050 4235 multis
1069 4163 1238 4246 materiis,
1285 4173 1342 4244 te,
1374 4171 1414 4232 et
1433 4160 1463 4228 si
1486 4153 1571 4228 hinc
1592 4173 1685 4230 recta
1699 4160 1819 4231 licebit
1834 4164 1983 4231 domum
1997 4165 2133 4246 redire,
2165 4169 2277 4235 advos

243 4289 330 4362 quas
347 4285 569 4353 magnorum
585 4262 874 4350 periculomovet
890 4258 1143 4358 illeGorgiuc.
1169 4263 1239 4333 ta-
1286 4262 1460 4336 accedam.
1496 4257 1738 4356 illustrissimo
1754 4259 1930 4353 Principi‚
1957 4279 1991 4336 et
2008 4265 2176 4336 Dominis
2190 4265 2276 4338 Con·

237 4363 319 4439 tent
349 4367 388 4435 in
420 4363 659 4456 disputatione
680 4363 814 4432 semina
839 4363 978 4434 ludaica
999 4368 1045 4435 de
1068 4365 1237 4456 ρεηοιιίι.
1286 4357 1430 4432 tiliaciis
1460 4371 1496 4430 et
1519 4357 1758 4432 Ecclesiamm
1783 4361 1998 4435 Ductoribus
2023 4391 2080 4436 ruc
2107 4382 2278 4438 commen·
2323 4405 2324 4444 3

244 4465 348 4548 Hanc
371 4466 480 4556 igitur
496 4477 631 4554 partem
648 4465 838 4534 lectoribus
855 4465 922 4556 piis
938 4488 1040 4535 sumo
1057 4465 1239 4536 illustran-
1287 4467 1382 4534 dato,
1440 4457 1536 4532 Bene
1567 4475 1602 4532 et
1633 4462 1782 4534 feliciter
1807 4465 1906 4551 vale,
1947 4467 2006 4536 die
2037 4465 2199 4539 lanuarii
2228 4465 2277 4538 tt.

244 4570 348 4648 dam,
380 4589 454 4637 non
476 4577 568 4636 recte
590 4563 647 4633 vel
664 4566 845 4636 obscurari
862 4566 918 4636 vel
931 4566 1012 4636 tolli
1027 4566 1240 4636 consolatio·
1288 4561 1505 4654 Neribergae
1520 4559 1628 4634 1652.

243 4661 329 4740 ue'm
351 4669 395 4738 de
419 4667 546 4737 merito
561 4661 712 4750 Christi,
741 4683 825 4736 ¹cnm
849 4668 916 4753 ait,
942 4663 1105 4738 homines
1129 4669 1240 4738 iustos
1897 4660 1992 4744 Phil.
2012 4665 2238 4744 Melanthum

244 4795 319 4844 esse
343 4767 477 4841 iustitia
497 4767 677 4836 essentiali
700 4767 833 4854 Patris,
866 4767 950 4840 Filii
969 4782 1007 4842 et
1025 4765 1240 4860 spirituus.
1302 4782 1305 4791 '

245 4873 355 4958 item,
382 4891 463 4942 cunr
485 4866 609 4939 definit
630 4867 801 4938 iustitiam
824 4891 914 4955 esse,
942 4877 1036 4964 quod
1053 4869 1177 4952 eflicit,
1201 4881 1242 4937 ut
1301 4895 2277 4924 mmmmm-*ww*-

245 4977 337 5047 io'sta
360 4969 541 5044 faciamus.
593 4965 636 5036 ln
657 4963 714 5037 lais
733 4971 901 5042 membris
916 4971 1098 5044 obscurari
1114 4985 1147 5041 et
1165 4993 1244 5040 cor·-
1755 5034 1759 5045 ,
1989 4981 1993 5019 ³

247 5075 367 5172 rumpi
380 5073 579 5143 doctrinam
597 5071 642 5139 de
656 5064 811 5154 Christo,
835 5073 1059 5144 manifestum
1076 5072 1146 5142 est.¹
1173 5069 1244 5140 lta-
1291 5052 1486 5183 Q·
1820 5065 1835 5141 ,’
1895 5093 1910 5109 ··
1970 5065 2279 5150 inhumatae)

247 5196 316 5265 que
342 5175 582 5242 contradicere
611 5173 643 5240 ei
672 5193 747 5240 nou
780 5173 922 5256 dubito,
963 5170 1099 5243 etiamsi
1127 5173 1244 5255 acideo,
1838 5215 1843 5224 ι
1974 5163 2276 5211 Μ

250 5295 339 5359 quae
353 5271 501 5340 fulmine
518 5269 607 5338 milri
626 5275 855 5364 exspectanda
869 5273 959 5360 sint3
987 5287 1020 5344 et
1033 5273 1164 5358 seiam,
1189 5295 1245 5340 me
1567 5241 1716 5362 1⁰⁰PP·
1741 5239 2018 5366 cameram·

253 5367 432 5435 contemni
450 5371 518 5436 tam
535 5385 677 5460 propter
692 5375 863 5448 clamores
879 5377 1119 5469 quorundam.
1147 5371 1244 5456 lion
1364 5397 1449 5472 upra.
1468 5397 1510 5454 ss.
1525 5397 1661 5454 cenem.
1678 5397 1768 5469 psas
1780 5415 1840 5470 qq.
1856 5401 2011 5470 (ettam.
2029 5405 2140 5464 tnrv.
2158 5427 2199 5482 qr
2210 5407 2280 5470 nat
