4654 5816
75 241 132 320 m
614 215 1047 306 ueterotatttfut
1099 218 1313 300 biii.le
1366 219 1498 302 lidii.
1780 233 1786 254 “
1899 225 1906 240 “
1992 223 2074 306 680

72 399 151 480 Pttt.
172 393 267 474 Met.
292 387 449 470 Butos
473 385 668 480 Lessio',
692 415 834 490 magne
854 385 931 484 fide
952 407 1033 464 ιιιι-
1083 387 1268 462 dissimilia
1293 409 1419 479 genera
1445 392 1648 462 adfectuum
1675 389 1853 480 condidit,
1881 393 1931 466 ica
1954 393 2074 468 'mdc

72 501 163 580 danti
196 497 480 578 adulescentium
526 495 567 570 s'n
608 491 741 568 inclito
781 489 1032 590 Luncdurga,
1083 491 1182 582 signa
1196 495 1419 565 diversorum
1435 495 1636 564 adfectuum
1658 494 1698 564 in
1719 497 1816 566 sonis
1837 519 1923 568 esse.
1971 493 2074 569 Hanc

263 683 268 692 ,
361 599 483 676 amico
501 624 589 687 suo,
614 599 650 674 S.
668 597 720 672 D.
1084 593 1349 684 congruentiam
1370 595 1624 686 sapientissime
1648 597 1848 668 ordinatam
1870 621 1947 670 esse
1963 621 2074 691 agno

1083 712 1232 782 scamus,
1254 711 1290 767 et
1304 697 1416 788 ipsam
1431 695 1606 784 Musicen,
1630 712 1670 770 ut
1685 695 1753 769 Dei
1764 723 1855 791 opus
1871 725 1912 771 uc
1927 702 2075 788 donum,

70 794 162 878 Plena
176 813 223 871 est
239 797 434 870 illustrium
455 796 710 873 miraculorum
726 793 911 868 universae
928 805 1034 864 natu·
1085 821 1313 884 veneremnra
1333 811 1366 868 et
1390 812 1430 868 ut
1450 823 1588 890 semper
1608 800 1684 870 eius
1699 800 1738 869 in
1758 801 1865 872 saeris
1880 805 2076 894 congressi-

71 931 116 980 ιιι
134 902 329 988 fabricatio,
353 901 392 970 in
416 924 486 994 qua
510 899 590 970 ideo
612 913 749 972 tautum
771 896 855 966 artis
878 895 1034 966 ostendit
1085 899 1343 982 hormesion,
1360 900 1407 972 its
1423 901 1586 988 sciamus,
1601 902 1756 972 studiose
1771 897 1956 976 hunccins
1970 927 2074 978 tusum

71 1005 319 1100 sapientissimus
343 1002 525 1087 conditor,
557 1015 598 1074 ut
622 996 679 1072 bis
703 998 917 1071 testimoniis
947 1021 1033 1065 con-
1085 1003 1256 1071 tuendnm
1273 1025 1356 1074 esse.
1408 999 1480 1072 Nec
1497 1001 1651 1094 profecto
1666 1003 1858 1098 quidquam
1871 1007 2010 1078 dulcius
2024 1019 2076 1078 cst

69 1109 135 1180 dcci
153 1106 248 1178 fateri
269 1125 451 1196 cogamur,
476 1098 573 1174 huuc
587 1103 761 1174 mundum
786 1123 860 1172 non
882 1097 1034 1170 extitisse
1085 1097 1223 1171 homiui
1238 1127 1312 1172 non
1328 1117 1540 1188 monstroso,
1556 1129 1662 1198 quam
1677 1106 1839 1178 doctrina
1854 1107 1971 1178 verbis
1985 1121 2078 1179 recte

69 1234 148 1294 cesu;
169 1221 200 1280 et
221 1219 262 1280 ut
282 1220 484 1288 reverenter
505 1226 735 1296 agnoscamus
761 1216 796 1273 et
818 1201 1034 1272 celebremus
1085 1205 1278 1290 illustrata,
1317 1228 1407 1297 quae
1428 1203 1532 1274 bonis
1561 1199 1755 1276 harmoniis
1779 1210 1823 1278 ad
1849 1233 1949 1278 aures
1973 1221 2077 1303 atque

68 1311 276 1384 conditorem.
323 1305 399 1393 Ac,
421 1321 460 1378 ut
476 1308 520 1376 de
534 1307 614 1376 aliis
629 1305 786 1398 partibus
802 1316 948 1386 naturae
965 1302 1034 1370 iam
1086 1307 1225 1376 animos
1240 1306 1427 1397 perfertur.
1478 1302 1661 1378 Etsensus
1678 1321 1839 1396 testatur,
1861 1309 1925 1384 tali
1940 1309 2077 1382 Musica

70 1437 128 1484 uon
141 1413 264 1496 dicam,
287 1409 490 1482 mirandum
508 1429 598 1500 opus
612 1407 678 1480 Dei
694 1419 745 1478 est
761 1405 986 1478 tenebrarum
1001 1415 1036 1472 et
1087 1405 1180 1477 flecti
1193 1407 1334 1478 animos
1349 1422 1424 1478 tum
1442 1409 1484 1478 ad
1502 1409 1663 1490 dolores,
1689 1434 1769 1480 cum
1783 1411 1935 1483 audiunt
1950 1436 2078 1508 quare-

70 1515 142 1586 lucis
168 1511 366 1598 distinctio,
391 1525 426 1582 et
456 1510 569 1580 oculis
598 1505 787 1583 inominum
815 1505 869 1576 uis
897 1504 1035 1595 cognita
1089 1509 1139 1578 las
1155 1511 1198 1579 de
1216 1509 1347 1580 nostris
1369 1509 1528 1605 delictis,
1552 1511 1608 1580 vel
1630 1510 1799 1602 lugubres
1819 1513 2010 1584 cantilenas
2034 1515 2079 1584 de

71 1615 136 1690 luci.
179 1611 247 1684 Hic
269 1637 360 1707 quae
390 1635 530 1682 caussae
560 1610 752 1682 monastrari
783 1621 948 1700 possunt,
973 1629 1037 1676 cur
1089 1611 1231 1703 poenis,
1255 1623 1331 1680 tum
1353 1635 1436 1680 vero
1455 1611 1559 1681 etiarn
1581 1611 1704 1698 leniri,
1730 1639 1811 1683 curn
1828 1615 1981 1686 audiunt
1998 1615 2080 1685 dul-

68 1716 122 1786 lue
134 1715 331 1807 pelliculae,
357 1715 470 1795 nervi,
493 1709 674 1797 humores,
696 1709 876 1782 domicilia
892 1709 962 1778 sint
980 1707 1036 1776 lu·
1089 1713 1200 1782 riores
1216 1707 1385 1782 melodias
1404 1715 1448 1782 de
1464 1708 1531 1784 Dei
1546 1713 1806 1802 misericordia,
1829 1727 1863 1786 et
1876 1705 2020 1786 accendi
2034 1718 2080 1786 ad

69 1809 559 1888 tisetvelutSuliuhumano
576 1811 750 1906 corporei
791 1809 895 1882 Foris
909 1823 1038 1882 utcun-
1091 1813 1363 1890 invocationem.
1418 1807 1515 1886 Haec
1536 1839 1616 1886 cum
1640 1814 1687 1886 ita
1707 1815 1796 1902 sint,
1829 1817 2006 1889 laudanda
2031 1831 2082 1890 est

70 1942 123 2012 oue
137 1919 334 1988 mirandum
356 1917 589 2009 adspicimus,
615 1915 741 1990 eteius
758 1911 929 1984 buuelicio
948 1909 1040 1980 imi·
1092 1917 1254 1986 soluotes
1276 1914 1469 1998 artificum,
1494 1915 1554 2010 qui
1574 1916 1662 1986 tales
1678 1918 1868 2005 melodias,
1892 1917 1998 1990 utiles
2015 1921 2082 1990 do-

69 2043 147 2090 rnur:
166 2021 223 2090 sed
236 2041 376 2090 caussas
391 2018 533 2110 penitus
545 2042 620 2092 uon
635 2018 807 2101 videmus,
820 2037 907 2106 quas
920 2027 1040 2084 tamen
1092 2017 1210 2088 ceradis
1228 2031 1262 2086 et
1276 2013 1458 2088 flectendis
1477 2019 1606 2088 animis
1627 2019 1754 2103 edunt,
1779 2033 1814 2092 et
1829 2021 2029 2092 conservari
2047 2033 2083 2092 et

68 2122 99 2190 iu
122 2121 176 2192 illa
197 2120 341 2192 coelesti
362 2117 552 2192 Acadensia
580 2119 776 2200 discemus,
816 2139 895 2184 curn
926 2115 1040 2184 ideam
1093 2118 1282 2190 transmitti
1298 2119 1341 2188 ad
1364 2125 1675 2210 postsmscuraui.
1724 2121 1911 2194 Sitautem
1927 2123 2084 2194 delectus

72 2222 162 2292 totius
181 2222 311 2315 opificii
333 2235 451 2294 mente
472 2221 592 2292 divina
616 2219 847 2291 intuebimur.
895 2213 944 2288 Et
961 2215 1042 2308 qui·
1094 2236 1168 2290 tum
1190 2220 1228 2287 in
1255 2220 1432 2290 ueteribus
1454 2233 1530 2292 tum
1555 2220 1675 2307 novis,
1707 2235 1747 2292 ut
1774 2223 1861 2294 tales
1891 2224 2084 2294 cantilenas

70 2325 137 2392 dem
150 2323 226 2394 ideo
243 2325 321 2394 uult
335 2345 401 2394 uos
414 2323 510 2394 Deus
527 2322 564 2392 in
581 2317 647 2392 itae
664 2319 806 2394 nmrtali
821 2317 894 2388 vita
910 2331 945 2388 et
961 2331 1043 2386 tau·-
1093 2323 1205 2392 discat
1225 2321 1410 2408 iuventus,
1435 2347 1525 2416 quae
1546 2345 1664 2392 veram
1687 2337 1720 2394 et
1742 2325 1930 2396 salutarem
1952 2325 2083 2396 doctri·
2197 2387 2202 2395 .

70 2449 158 2518 queam
182 2425 219 2496 iu
242 2425 371 2496 umbra
391 2425 563 2518 quaedam
586 2421 688 2494 initia
716 2417 824 2493 buius
850 2419 1044 2511 sapientiae
1094 2447 1177 2492 uam
1199 2421 1397 2496 continent.
1446 2421 1537 2494 Cum
1562 2413 1671 2516 igitur
1690 2427 1885 2516 prudenter
1905 2439 1939 2496 et
1963 2425 2022 2522 pie
2043 2451 2084 2500 cx

71 2529 203 2608 discere,
227 2541 271 2598 ut
284 2527 470 2596 admiratio
487 2537 627 2598 nostrus
643 2523 782 2594 animos
801 2520 985 2596 asosdtet
998 2521 1042 2590 ad
1094 2523 1271 2598 veteribus
1285 2523 1470 2596 cantilenis
1485 2549 1591 2616 puras
1603 2539 1637 2595 et
1652 2526 1947 2598 incontaminatas
1963 2551 2086 2622 snper-

70 2629 283 2720 espetendam
299 2627 397 2698 illam
412 2627 570 2698 melioris
585 2620 725 2696 scholae
739 2624 949 2698 doctrinam.
979 2617 1046 2690 Est
1095 2621 1241 2696 stitiosis
1263 2625 1446 2696 sententiis
1469 2624 1632 2717 elegeris,
1658 2627 1816 2698 laborem
1839 2641 1939 2700 tuum
1961 2628 2085 2701 utilem

71 2742 99 2798 et
112 2729 282 2818 singulare
296 2727 363 2802 Dei
379 2751 470 2822 opus
483 2752 605 2798 sensus
618 2725 773 2800 Musicae
788 2726 826 2794 in
846 2719 992 2794 bomine
1011 2735 1047 2792 ot
1094 2729 1170 2798 fore
1193 2751 1295 2820 spero
1326 2727 1370 2797 ad
1403 2725 1627 2799 invitandum
1657 2729 1876 2800 iuventutem
1907 2729 2013 2802 simul
2042 2733 2086 2802 ad

70 2830 262 2902 diiudicatio
281 2854 463 2900 sonorum·
513 2829 574 2902 sic
597 2829 740 2900 condita
761 2839 815 2897 cst
838 2839 983 2908 ustura,
1006 2836 1047 2894 ut
1094 2827 1249 2900 Musicae
1264 2851 1437 2914 amorem,
1463 2833 1555 2901 etad
1574 2829 1736 2900 exercitia
1755 2831 2088 2925 pietatisatqnein-

71 2945 169 3002 certos
189 2955 317 3004 vocum
344 2933 491 3021 gradus,
530 2945 658 3016 metas,
693 2928 879 3001 intervalla
905 2925 1047 3010 sentiat,
1096 2927 1303 3004 evocationis.
1352 2925 1449 2999 Bene
1464 2931 1551 3006 vale.
1603 2929 1839 3006 Calendlan.
1860 2929 1969 3008 1550.
2012 2931 2088 3024 Qui

69 3033 205 3104 suaviter
232 3033 417 3104 adficiatur
437 3032 622 3104 concinnis
651 3031 817 3116 vocibus,
845 3027 1048 3100 offendatur
1096 3055 1174 3104 cum
1199 3031 1243 3102 sit
1266 3050 1383 3102 annus
1406 3029 1747 3126 Quinquagesimus.
1782 3033 1918 3104 utinam
1940 3057 2023 3105 vere
2042 3035 2088 3110 sit

70 3134 255 3205 mutrariis:
283 3135 356 3204 imo
372 3147 545 3228 quantum
563 3131 775 3204 miraculum
789 3143 853 3218 est,
868 3129 949 3200 aliis
962 3123 1048 3200 itar-
1098 3129 1292 3213 iubilaeus,
1320 3145 1355 3203 et
1380 3133 1638 3228 mitigationem
1669 3130 1826 3230 aliquam
1850 3131 2087 3208 calamitatum

68 3236 183 3316 moniis
197 3236 289 3309 alios
301 3259 363 3308 scu
373 3235 509 3320 cordis,
533 3258 594 3306 seu
616 3233 804 3327 spirituum
820 3245 939 3302 motus
954 3229 1048 3302 cxci-
1095 3233 1264 3307 Ecclesiis
1279 3231 1428 3306 adferat!

72 3337 148 3405 tari?
195 3335 440 3408 Alexandrum
466 3335 554 3408 certi
576 3349 701 3412 caestus
727 3334 982 3417 accendebant,
1007 3344 1049 3404 ut

70 3437 195 3510 arderet
209 3439 395 3531 pugnandi
409 3437 616 3530 cupiditate:
648 3437 836 3514 flectebant
850 3435 912 3504 alii
926 3453 1049 3504 rurscss

71 3539 106 3608 ad
121 3539 301 3612 lenitatem
325 3555 359 3610 et
382 3539 547 3634 quietem.
603 3537 793 3628 Quomodo
812 3535 1048 3624 intelligemus
1109 3551 1175 3625 No,
1191 3551 1303 3626 4649,
1481 3503 1484 3509 Ι
1737 3549 1768 3633 42
1798 3553 1864 3626 iso.
1888 3555 2057 3644 (Lim)

69 3639 161 3712 ferire
178 3643 320 3712 animos
339 3637 450 3711 bisin
476 3641 558 3710 aiire
580 3637 759 3710 motibus?
808 3633 1049 3728 Agnoscamus
1098 3649 1307 3680 Μ
1668 3647 2089 3701 Μ

72 3733 144 3812 haec
159 3767 267 3836 opera
286 3741 372 3827 Dei,
397 3741 533 3811 etiamsi
556 3763 694 3812 caussas
707 3763 781 3810 non
804 3737 946 3832 penitus
968 3759 1049 3828 per-
1257 3748 1464 3862 Georggor
1478 3745 1631 3836 prpm'
1655 3747 1928 3835 Augustino·

72 3843 244 3934 spicimus,
275 3867 316 3914 ac
334 3840 450 3914 Deum
473 3843 706 3928 celebremus,
736 3839 800 3936 qui
823 3837 943 3930 magni
966 3861 1050 3910 usus
1692 3925 1699 3940 ι

72 3965 178 4015 caussa
202 3960 352 4018 naturae
380 3939 568 4014 hominum
597 3938 695 4014 bunc
724 3963 866 4014 sensum
894 3938 1051 4012 Musices
1182 3931 1265 4005 59³¹&
1277 3931 1324 3990 ¹³²¹·
1341 3931 1377 3985 ¹¹·
1392 3948 1418 4002 r·
1430 3927 1491 3983 ²³⁰·
1507 3927 1562 3996 (ed.
1577 3927 1667 3984 ¹1⁰⁰&-
1680 3924 1729 3986 ¹¹¹²·
1744 3925 1777 3983 ¹¹·
1792 3943 1836 3996 e1³·
1849 3923 1932 3994 ”bt
1976 4001 1984 4015 ι

72 4043 201 4119 indidit.
253 4040 467 4116 Aristoteles
484 4067 622 4115 caussas
642 4057 713 4112 tres
727 4055 866 4112 narrat:
889 4040 1052 4134 primam,
1238 4083 1282 4157 D
1321 4080 1358 4160 G
1488 4083 1496 4102 .
1550 4077 1620 4154 Pr.
1809 4076 1895 4153 Ab
1922 4081 1954 4154 a

157 4197 159 4207 ν
194 4173 277 4220 cum
299 4149 403 4218 labor
432 4146 701 4216 remissionibus
721 4145 898 4234 indigeat,
919 4142 991 4211 sint
1013 4141 1072 4209 in·
1285 4144 1291 4158 '
1365 4108 1557 4202 mim.
1604 4107 1717 4182 ”min
1742 4107 1782 4154 m
1844 4107 1868 4153 η
1898 4109 1921 4152 ⁰

74 4262 187 4320 natura
223 4245 392 4320 honestae
422 4249 595 4342 quaedam
628 4247 825 4337 voluptates
845 4243 1053 4322 ordinatae,
1102 4223 1149 4308 S.
1170 4237 1216 4314 D.
1275 4235 1514 4306 illustrissime
1548 4233 1729 4326 Princeps.
1781 4230 1871 4304 Veni
1904 4225 2119 4329 Lipsiom„

72 4349 191 4442 quibus
206 4349 413 4440 defatigatae
426 4351 519 4420 vires
533 4348 751 4420 reficiantur:
777 4345 965 4418 secundam
981 4365 1055 4412 esse
1102 4339 1165 4410 ubi
1179 4365 1249 4412 una
1265 4363 1344 4410 cnm
1358 4335 1514 4406 Domitio
1531 4329 1856 4423 Iooclrimorelego
1873 4333 2026 4423 librum,
2050 4353 2091 4410 ut

74 4449 181 4544 inquit
204 4449 447 4544 disciplinam,
470 4463 512 4522 ut
535 4445 602 4522 hac
622 4449 792 4520 suavitate
817 4467 933 4516 mores
954 4445 1054 4538 quasi
1103 4443 1257 4532 paratior
1271 4443 1314 4511 ad
1333 4437 1371 4511 C.
1390 4437 1431 4513 V.
1448 4439 1599 4512 veniam.
1648 4435 1718 4506 Sed
1735 4458 1832 4504 nunc
1845 4429 1910 4506 hac
1924 4439 2091 4529 septima-

74 4553 113 4620 ad
128 4553 402 4624 concinnitatem
426 4553 613 4624 flectantur
632 4565 666 4621 et
683 4551 768 4620 liant
783 4547 957 4618 mitiores:
983 4560 1056 4617 ter·
1105 4569 1148 4613 na
1173 4547 1218 4614 ad
1242 4541 1282 4618 C.
1301 4537 1347 4610 V.
1366 4557 1442 4610 nun
1465 4561 1608 4629 possum
1629 4531 1822 4628 proficisci,
1848 4537 1930 4631 qnia
1951 4563 2091 4611 necesse

74 4653 149 4722 tiam
162 4655 452 4741 medicationem,
475 4667 518 4726 nt
533 4653 727 4732 moestitia,
751 4649 804 4720 ira
820 4661 854 4719 et
873 4647 933 4718 alii
948 4641 1056 4717 veise-
1103 4658 1155 4715 est
1168 4669 1224 4714 me
1239 4667 1319 4714 mox
1333 4639 1448 4710 redire
1465 4632 1723 4736 Wifcdcrgom
1738 4651 1882 4730 propter
1896 4631 1942 4714 D.
1957 4637 2091 4712 Docto-

75 4757 256 4826 mendores
269 4767 387 4827 motus
400 4747 591 4830 leniantur.
625 4751 722 4824 Haec
735 4773 818 4822 vere
831 4761 866 4820 et
879 4749 1057 4842 sapienter
1103 4769 1178 4817 rem
1204 4737 1459 4826 Benearnum,
1489 4741 1590 4811 cuius
1620 4759 1728 4830 gener
1758 4739 1947 4810 ornabitur
1978 4743 2092 4831 gradu

76 4853 170 4932 dicta.
219 4857 291 4930 Sed
307 4880 382 4927 non
398 4857 548 4927 dubium
563 4871 632 4938 est,
657 4853 882 4946 praecipuam
898 4871 1054 4922 caunum
1103 4845 1317 4928 Doctorum,
1340 4857 1374 4913 et
1388 4843 1432 4911 ad
1447 4843 1750 4915 renunciationem
1771 4841 1899 4931 gradus
1915 4865 1970 4909 me
1983 4867 2091 4937 quae-

76 4977 159 5042 esse,
181 4973 223 5028 nt
239 4958 403 5030 doctrina
417 4957 462 5027 de
478 4955 554 5028 Deo
574 4955 790 5028 carminibus
806 4946 1057 5043 comprehensa
1105 4953 1186 5020 dam
1210 4947 1362 5020 scribere
1384 4957 1538 5034 oportet:
1565 4943 1819 5036 statiunculam
1842 4953 1921 5032 post
1942 4965 2018 5012 eam
2034 4969 2091 5016 re.

78 5059 256 5150 propagari
268 5059 374 5129 latins
386 5057 497 5152 possit
511 5065 544 5130 et
557 5055 691 5128 diutius
705 5050 919 5128 conservari.
941 5043 1056 5124 Citius
1106 5049 1369 5120 nunciatiouern
1391 5046 1436 5115 ad
1451 5043 1494 5118 C.
1511 5045 1552 5121 V.
1566 5049 1724 5130 veniam,
1747 5041 1810 5112 nbi
1828 5039 2035 5116 intellexero
2049 5045 2091 5120 C.

79 5158 166 5228 enim
182 5160 359 5254 arripiunt
379 5183 482 5230 aures
501 5159 677 5243 carmina,
700 5171 735 5228 et
756 5152 963 5228 harmoniae
979 5175 1056 5243 gra·
1109 5148 1151 5223 V.
1174 5169 1247 5221 esse
1269 5145 1308 5219 in
1325 5141 1536 5242 Memburg.
1586 5141 1846 5217 ttonadstuoe
1867 5143 1997 5215 ltumm
2017 5167 2092 5218 esse

78 5271 129 5327 tae
151 5275 339 5350 penetrant
361 5261 467 5334 altius
488 5260 528 5332 in
549 5261 686 5330 animos
703 5269 739 5328 et
759 5251 905 5326 buerem
927 5253 967 5324 io
982 5279 1060 5326 me·
1107 5249 1146 5325 C.
1160 5250 1207 5324 V.
1229 5248 1502 5323 adelectionem
1524 5245 1689 5340 Episcopi
1706 5240 1947 5340 dlysncnsis,
1965 5257 2007 5320 'ct
2028 5268 2091 5320 oro

81 5361 184 5428 moria
201 5363 369 5438 tenadiu.
417 5355 465 5434 Et
484 5369 526 5433 ut
541 5384 606 5432 suo
625 5359 779 5454 quodam
800 5355 949 5440 consilio
963 5349 1060 5428 ileus
1109 5367 1148 5426 ut
1165 5349 1255 5426 mihi
1268 5349 1370 5426 C.·V.
1392 5360 1470 5444 post
1494 5351 1676 5454 octidepns
1698 5345 1886 5439 significet,
1909 5357 1981 5454 quo
2004 5365 2092 5422 teras-

126 5463 305 5536 dirusrra.
330 5467 434 5536 Orrn.
461 5467 546 5535 Vos.
572 5461 648 5534 Vll.
1429 5449 1479 5526 84
2132 5450 2148 5466 ““
