4642 5808
69 237 133 317 aas
473 323 478 334 ,
636 211 1072 322 urrsronauun
1123 233 1314 313 crnxr.
1366 231 1500 316 ress.
2016 243 2092 318 aas
2143 205 2148 214 ’

68 426 185 484 mutato
208 411 288 482 fine.
340 407 392 484 lta
413 407 521 486 buius
538 409 687 484 actionis
703 411 868 505 proprius
883 407 965 480 finis
981 417 1044 486 eet,
1092 407 1200 493 tium,
1222 407 1284 504 qui
1301 407 1545 500 persuasiones
1559 431 1578 480 a
1593 411 1726 504 populo
1743 425 1917 510 acceptas,
1942 441 2086 516 quoquo

69 517 349 584 commonefacere
383 538 450 584 nos
480 517 524 586 de
550 497 777 588 Testamento
803 513 869 584 filii
891 511 977 595 Dei,
1010 525 1044 582 ct
1091 513 1198 580 modo
1213 509 1374 581 recitant.

68 618 282 706 promissione
305 613 493 705 Evangelii
517 617 678 710 propria,
712 631 747 687 et
770 617 814 686 de
836 613 1043 685 remissione
1192 611 1297 701 Quod
1322 613 1432 703 igitur
1451 610 1561 707 aliqui
1577 614 1717 700 dicunt,
1742 639 1780 688 se
1794 633 2005 694 consensum
2022 648 2084 696 ca-

67 735 287 808 peccatonrm,
314 731 354 788 nt
377 721 444 790 lide
466 721 592 804 erecti,
617 719 751 788 firmius
769 729 964 788 statuamus
976 737 1042 784 nos
1090 705 1248 784 thelicae
1269 709 1458 784 Ecclesiae
1481 712 1587 782 nobis
1609 739 1793 812 opponere.
1846 719 1912 791 His
1935 749 2084 820 respon·
2175 747 2178 752 ·

66 821 174 912 recipi,
200 822 273 890 fieri
291 824 468 906 membra,
493 823 590 892 ablui
604 821 774 906 sanguine
788 820 854 888 lilii
868 817 957 904 Dei,
984 817 1041 884 in·
1089 817 1231 902 demus,
1264 841 1329 886 nos
1357 840 1578 911 nequaquam
1600 819 1786 891 dissentire
1805 823 1850 892 ab
1875 830 2083 901 eruditiori-

66 946 228 1006 voccmus,
254 935 289 992 et
311 945 453 1012 agamus
474 924 602 1014 gratias
620 920 708 995 Deo.
757 919 830 990 Nec
850 917 1041 1010 affingendi
1089 917 1155 987 bus
1176 918 1356 1009 patribus,
1390 933 1424 990 et
1448 919 1599 990 retinere
1623 920 1661 988 in
1688 923 1817 992 nostris
1839 920 2080 1021 Ecclesiisea,

64 1037 132 1094 scrut
154 1025 212 1092 alii
236 1025 341 1108 fines,
367 1027 463 1118 qnod
488 1021 554 1095 hoc
570 1047 659 1116 opus
674 1025 719 1094 sit
732 1023 898 1092 meritum
916 1022 1039 1114 profu·
1088 1043 1177 1112 quae
1192 1023 1237 1090 ad
1252 1021 1483 1092 substantiam
1500 1015 1605 1090 buius
1622 1025 1712 1092 ritus
1724 1026 1920 1115 pertinent,
1943 1036 2003 1102 scd
2020 1057 2078 1105 ac-

65 1139 164 1194 turum
182 1127 217 1194 in
234 1139 407 1209 mercatu,
434 1139 495 1198 arat
510 1127 745 1216 navigatione.
1087 1135 1264 1192 cesserunt
1292 1123 1534 1214 persuasiones
1558 1123 1647 1193 aliae
1667 1123 1810 1216 populi,
1844 1153 1933 1220 quae
1957 1149 2077 1224 postea

148 1225 356 1300 Retinemus
388 1227 498 1317 igitur
528 1251 651 1297 verum
678 1225 896 1300 Sacramenti
923 1248 1039 1312 usum,
1086 1224 1142 1290 vel
1166 1225 1432 1316 superstitione,
1465 1226 1520 1296 vel
1541 1239 1686 1317 propter
1707 1243 1891 1320 quaestum
1916 1238 2076 1308 cumula-

62 1341 88 1396 et
109 1353 204 1396 veros
230 1329 335 1414 fines,
376 1343 411 1398 et
436 1329 708 1420 applicationem
734 1329 930 1398 faciendam
965 1351 1038 1398 esse
1085 1335 1140 1394 tae
1162 1339 1255 1396 sacrat.

62 1429 183 1520 propria
203 1430 284 1515 fide,
303 1443 338 1502 et
353 1432 528 1500 sumtione
545 1433 720 1502 docemus.
772 1425 820 1500 Et
835 1429 967 1500 accedit
981 1451 1038 1499 sa·
1187 1428 1279 1514 Hae,
1305 1427 1369 1501 etsi
1393 1449 1517 1518 magna
1539 1427 1733 1500 multitudo
1751 1453 1808 1500 eas
1824 1434 2003 1505 mordicus
2020 1463 2077 1510 re-

62 1532 164 1600 crilicii
178 1533 289 1616 ratio,
314 1547 354 1603 ut
373 1534 592 1618 dictumest,
618 1533 700 1624 quia
718 1528 776 1602 hic
792 1534 830 1602 lit
846 1529 1036 1616 invocatio,
1084 1531 1183 1616 tinet,
1206 1545 1322 1602 tamen
1337 1553 1411 1601 nou
1429 1544 1510 1601 sunt
1524 1525 1718 1602 catholicus
1732 1556 1934 1610 consensus.
1966 1535 2077 1614 Adest

60 1633 231 1720 gratianum
249 1633 353 1718 actio,
379 1633 562 1708 consessio.
613 1630 660 1706 Et
676 1636 726 1706 sic
742 1633 890 1704 sensisse
902 1646 1036 1704 veteres
1084 1633 1176 1702 filius
1191 1631 1258 1705 Dei
1284 1633 1525 1724 operi,-quo‹l
1550 1631 1721 1719 instituit,
1747 1635 1928 1718 videlicet,
1954 1654 1993 1710 ut
2015 1643 2074 1714 bat

61 1735 251 1804 emditiorcs
274 1749 438 1828 apparet,
469 1737 532 1829 qui
557 1735 643 1806 alias
666 1751 707 1808 ut
729 1739 772 1806 de
794 1735 1034 1822 Sacramenta,
1083 1735 1299 1808 distributio.
1352 1732 1406 1804 De
1426 1733 1506 1802 aliis
1528 1735 1715 1824 operibus,
1743 1749 1777 1806 et
1794 1739 1936 1829 quidem
1954 1741 2075 1814 diver-

59 1836 128 1904 alias
145 1851 182 1908 ut
198 1839 241 1905 de
257 1837 424 1908 sacrificio
441 1839 648 1931 loquuntur.
698 1837 815 1908 Verba
832 1837 871 1906 in
888 1833 1034 1907 Canoue
1082 1837 1147 1920 sis,
1174 1839 1260 1932 quid
1283 1835 1353 1906 dici
1378 1835 1524 1928 poterit,
1549 1835 1618 1904 nisi
1640 1839 2074 1938 quodcultusinstitpan-

59 1959 161 2022 graeco
182 1952 215 2008 et
241 1939 351 2008 latino
375 1941 419 2007 de
444 1940 639 2024 scicntiune,
679 1941 876 2034 loquuntur
900 1939 944 2008 de
968 1933 1034 2008 hac
1082 1951 1140 2009 tur
1157 1935 1312 2010 humano
1328 1936 1504 2007 consilio?
1554 1933 1650 2008 llaec
1666 1939 1821 2010 modeste
1838 1943 2075 2036 recitavimus,

60 2039 193 2119 actione,
226 2053 268 2111 ut
289 2043 333 2110 dc
349 2040 597 2126 sacramento,
622 2041 751 2112 deinde
773 2043 817 2112 de
839 2040 1031 2131 gratiarum
1081 2066 1154 2112 non
1180 2056 1221 2112 ut
1246 2039 1437 2112 certamina
1460 2059 1648 2126 augeamus
1664 2033 1721 2133 ¹⁸),
1752 2043 1810 2110 sed
1836 2056 1876 2114 ut
1898 2040 2073 2122 Ecclesias

60 2141 195 2224 accione,
222 2153 264 2212 ut
280 2143 323 2210 de
340 2141 522 2216 sacrificio.
1081 2158 1133 2215 tot
1146 2145 1329 2236 regionum
1343 2139 1588 2224 consolemur,
1615 2155 1649 2209 et
1664 2164 1881 2230 excusemus,
1905 2162 1939 2218 et
1953 2163 2073 2240 osten-

141 2241 306 2335 Synodus
321 2241 485 2328 Nicaena,
510 2257 550 2314 ut
563 2245 607 2312 de
621 2240 849 2336 sacramento
864 2244 1033 2338 loquitur.
1080 2248 1224 2334 damus,
1257 2269 1322 2316 nos
1352 2243 1504 2312 retinere
1532 2239 1707 2330 integrum
1735 2243 1864 2326 ritum,
1896 2261 1930 2318 et
1952 2273 2073 2324 veram

60 2337 107 2410 Ait
127 2344 237 2426 enim,
267 2340 372 2412 nobis
395 2367 467 2414 esse
487 2339 733 2414 testimonium
750 2343 1033 2431 resurrectionis,
1080 2351 1277 2420 doctrinam
1302 2349 1345 2416 de
1367 2369 1451 2426 casu,
1485 2365 1530 2410 ne
1550 2343 1713 2412 turbetur
1739 2367 1859 2414 earum
1878 2347 2072 2439 invocatio,

59 2439 130 2535 pario
162 2439 372 2542 efficiamur
406 2443 575 2515 ncembra.
602 2442 811 2516 resuscitati
827 2443 914 2542 filii
943 2444 1031 2522 Dei.
1079 2454 1137 2522 sed
1168 2465 1208 2522 ut
1229 2453 1322 2522 bona
1346 2445 1558 2518 conscientia
1583 2444 1810 2542 pieutantur
1831 2446 2071 2542 Sacramento,

59 2541 172 2612 Eodem
196 2549 305 2616 modo
322 2548 480 2639 loquitur
498 2546 675 2616 irenaeus.
727 2543 775 2618 Et
790 2545 1030 2641 Epiphanius:
1079 2569 1113 2624 et
1136 2555 1204 2623 fide
1228 2577 1301 2622 non
1326 2550 1523 2640 trepidante
1547 2545 1714 2618 invocent
1737 2547 1873 2631 Deum,
1908 2565 1942 2624 et
1964 2571 2070 2646 agant

62 2639 172 2715 Virtus
194 2645 234 2716 in
251 2669 350 2747 pane
364 2656 415 2720 est
432 2643 487 2718 ad
501 2643 777 2742 c'v'vv'ficationem
795 2646 982 2748 perfidem
999 2658 1030 2720 et
1054 2695 1058 2724 ι
1077 2656 1216 2743 gratias.
1268 2651 1316 2724 Et
1331 2653 1561 2722 fundamenta
1584 2649 1769 2720 manifesta
1792 2664 1825 2720 et
1849 2652 1949 2725 firma
1970 2673 2069 2730 sunt:

58 2767 145 2840 spem.
1077 2754 1119 2828 U
1118 2754 1200 2826 nica
1224 2751 1409 2825 oblatione
1429 2749 1674 2821 consummati
1685 2760 1772 2820 scant
1786 2753 1919 2830 sancti.
1971 2756 2071 2848 Item,

138 2847 232 2923 Haec
260 2851 464 2924 describunt
487 2877 611 2940 usum,
638 2855 701 2948 qui
717 2855 882 2946 proprius
897 2867 948 2925 est
964 2853 1030 2926 Sa·
1077 2859 1117 2928 in
1142 2881 1233 2928 novo
1248 2853 1482 2928 Testamenta
1496 2847 1537 2944 ¹⁹)
1562 2850 1801 2926 certissimam
1823 2864 1893 2937 ³522
1920 2857 2069 2930 ”ullam

57 2955 213 3024 crementi.
267 2953 366 3025 Alibi
386 2980 490 3040 vero,
517 2969 559 3026 ut
574 2958 617 3026 de
633 2957 802 3027 sacrificio
818 2958 964 3041 dicitur,
988 2971 1030 3029 ut
1078 2957 1315 3031 ceremoniam
1343 2979 1405 3026 seu
1430 2961 1591 3048 gestum,
1630 2949 1852 3045 sacrificinm
1884 2979 1958 3028 esse
1987 2960 2070 3034 solo

13 3097 14 3100 ,
56 3073 118 3118 cum
132 3047 168 3144 ¹⁸)
188 3054 410 3145 Augustinus
427 3057 559 3150 inquit:
596 3053 642 3126 In
660 3053 1028 3154 ceteribnsfiguratio
1073 3073 1198 3157 gestu,
1224 3085 1284 3132 seu
1304 3074 1345 3132 ut
1366 3059 1471 3147 vulgo
1487 3057 1701 3149 loquuntur,
1727 3079 1773 3127 ex
1792 3081 1893 3154 opere
1910 3073 2070 3157 operato,

51 3147 129 3244 suit:
160 3149 208 3224 In
233 3150 304 3226 hoc
319 3151 500 3248 sacrificio
515 3158 727 3251 gratiarum
743 3161 857 3244 actio,
883 3170 914 3230 et
931 3182 1026 3228 com·
1074 3161 1143 3235 sed
1162 3187 1245 3232 vera
1269 3159 1468 3245 invocatio,
1493 3165 1525 3227 et
1539 3154 1751 3252 gratiarum
1767 3159 1863 3229 actio
1878 3155 2069 3234 Ecclesiae

56 3256 245 3327 stemmatio
270 3266 332 3334 esi.
386 3257 437 3328 Ac
453 3262 778 3331 manifestissimum
796 3279 864 3349 est,
892 3283 1025 3336 veteres
1074 3265 1115 3336 ia
1143 3265 1225 3363 ipso
1252 3262 1325 3334 ritu
1342 3257 1394 3356 fil
1422 3255 1644 3354 sacrificium
1664 3255 1748 3328 Deo
1773 3271 1935 3354 gratum.
1987 3263 2067 3339 Hoc

55 3357 244 3429 emditiores
268 3384 341 3430 non
366 3357 434 3430 hoc
459 3363 629 3442 voluisse,
656 3365 781 3434 mereri
805 3361 900 3436 barne
916 3368 1023 3438 ritum
1074 3394 1153 3440 cum
1177 3369 1225 3439 ita
1249 3381 1407 3440 servetur
1428 3364 1467 3433 in
1484 3359 1653 3436 Ecclesiis
1675 3360 1824 3450 nostris,
1856 3390 1997 3439 oramus
2021 3395 2067 3442 ne

55 3455 115 3525 aliis
134 3461 394 3543 remissionem,
427 3477 487 3533 arat
509 3489 598 3554 opus
622 3465 735 3558 ipsum
753 3463 792 3562 ¹²)
818 3469 1025 3560 applicatio·
1073 3471 1273 3542 turbentur.

55 3579 117 3625 nccn
135 3583 206 3630 esse
226 3587 294 3652 pro
319 3564 417 3646 aliis,
442 3589 507 3634 ncc
529 3569 693 3656 prodesse
715 3571 922 3642 sacrificium
939 3597 1024 3663 pro·
1173 3571 1228 3642 De
1242 3569 1387 3642 Conone
1408 3579 1545 3638 constat
1567 3567 1654 3636 duas
1678 3581 1792 3658 partes
1818 3568 1855 3636 in
1873 3593 1914 3636 co
1930 3573 2065 3660 praeci·
2159 3563 2164 3576 ’

55 3659 150 3746 prium
165 3664 227 3732 filii
244 3663 323 3749 Dei,
347 3667 425 3734 sine
440 3661 506 3735 boc
524 3693 628 3758 opere
642 3671 842 3745 sacerdotis.
894 3669 940 3744 Et
957 3671 1023 3746 boc
1073 3699 1140 3766 pue
1156 3667 1385 3768 reprehendi,
1411 3692 1500 3762 quae
1513 3666 1669 3738 Canonis
1684 3670 1846 3759 propriae
1863 3685 1946 3741 sunt
1960 3667 2028 3766 ²⁰).‚

55 3783 124 3848 optas
143 3767 332 3836 sacerdotis
355 3768 430 3836 lieri
447 3783 627 3858 oportere,
652 3786 685 3842 et
702 3775 935 3845 necessarium
950 3801 1022 3847 esse
1172 3775 1332 3845 Primum
1350 3767 1460 3856 banc,
1485 3771 1580 3864 quod
1599 3769 1702 3838 toties
1715 3771 1819 3860 petit,
1845 3785 1884 3842 ut
1897 3770 1994 3844 Deus
2009 3800 2065 3846 rc·

56 3855 225 3951 Ecclesiae,
246 3869 352 3936 etiam
368 3870 505 3938 siusulli
520 3872 636 3943 adsint
651 3877 961 3958 communicantes,
989 3891 1022 3950 e't
1046 3899 1049 3970 t
1071 3879 1177 3970 cipiat
1195 3874 1287 3946 banc
1308 3873 1544 3956 oblationem,
1569 3885 1603 3940 et
1619 3869 1717 3963 quasi
1734 3887 1895 3962 precatur
1910 3899 1973 3966 pro
1988 3877 2061 3949 filio

55 3964 154 4032 ercino
181 3970 383 4039 iterandum
408 3993 500 4056 esse,
529 3988 569 4043 ut
594 3979 702 4046 multa
729 3977 821 4072 boqa
845 3995 1021 4052 mereatur
1045 3971 1049 4077 ξ
1070 3979 1155 4064 Dei,
1184 3979 1256 4047 imo
1280 3989 1359 4046 orat
1381 3974 1528 4067 perferri
1545 3975 1591 4044 ab
1609 3971 1755 4060 Angelis
1772 3977 1815 4044 ad
1834 3972 1950 4044 Deum
1970 3973 2061 4050 hauc

55 4055 214 4142 Ecclesiae.
267 4067 346 4140 Etsi
367 4073 537 4142 credibile
558 4089 628 4160 est,
656 4078 705 4147 sic
729 4079 858 4149 multos
884 4105 1021 4174 semper
1068 4105 1167 4151 stram
1186 4079 1413 4150 oblationem.
1841 4125 1849 4132 -

55 4167 191 4255 sensisse,
216 4184 258 4241 ut
281 4195 416 4263 semper
430 4175 537 4244 falsae
554 4179 793 4266 persuasiones
807 4184 850 4251 de
865 4207 1018 4254 ceremo-
1171 4180 1310 4250 Deinde
1333 4176 1466 4270 inquit:
1501 4167 1706 4276 Qfferirnus
1726 4172 1913 4271 proeliis.
1964 4177 2061 4251 llaec

54 4265 217 4340 niisetiam
244 4274 283 4340 in
307 4269 463 4344 Ecclesia
491 4277 528 4344 in
551 4279 672 4350 multis
702 4275 866 4368 haerent,
900 4299 1016 4356 tamen
1068 4298 1120 4354 est
1143 4284 1204 4352 illa
1225 4279 1432 4374 applicatio,
1464 4303 1553 4371 quae
1574 4290 1728 4362 limus,
1755 4278 2060 4352 l¹¹¹⁰⁰lm³fll¹¹m

53 4365 112 4452 pios
130 4385 160 4440 ct
173 4375 332 4443 eruditos
347 4390 438 4445 recte
454 4379 666 4450 intellexisse
681 4405 785 4452 usum
801 4383 1019 4458 Sacrameuti
1068 4386 1261 4458 confirmat.
1293 4382 1379 4452 Vult
1394 4403 1468 4450 esse
1482 4378 1690 4450 sacrificium
1704 4403 1769 4469 pro
1784 4393 1936 4469 peccato.
1967 4381 2059 4454 Nam

53 4487 178 4558 apparet,
204 4487 239 4544 et
251 4477 459 4546 sacrificium
475 4479 685 4552 intellexisse
702 4486 893 4573 gratiarum
909 4491 1024 4578 actio·⁴
1066 4481 1122 4556 his
1138 4487 1254 4558 verbis
1270 4486 1383 4556 utitur
1397 4507 1464 4576 pro,
1477 4479 1694 4552 redemtione
1711 4481 1920 4556 amianarum.
1960 4481 2059 4572 Item,

56 4591 125 4654 nem,
143 4590 227 4647 utet
242 4575 369 4646 Canon
387 4575 543 4648 Graecus
557 4581 684 4675 inquit,
703 4578 908 4687 Offerimus
921 4583 1019 4662 hanc
1135 4592 1143 4604 ’

53 4671 175 4768 λογικὴν
195 4673 371 4774 λατρείαν
390 4703 458 4774 pro
481 4675 693 4778 Prophetis,
725 4685 930 4785 Apostolis,
956 4703 1017 4764 etc.
1391 4765 1407 4816 d
1434 4764 1466 4816 M
1525 4761 1560 4816 9⁰

56 4765 94 4838 Ac
112 4781 260 4864 proiecto
282 4793 484 4874 optaremus
507 4785 544 4852 in
567 4781 631 4855 bac
647 4793 884 4864 controversia
900 4797 1016 4864 audiri
1101 4766 1151 4920 ssi)
1163 4766 1329 4906 ssffimss
1344 4765 1418 4904 30
1430 4775 1797 4918 T,:5,m,',„r,‘:‘sgesnff,⁹q„,
1815 4845 1866 4898 ,ας
1891 4845 2056 4902 neronom

56 4873 312 4968 ⁵¹¹fffflg³ll⁰¹¹em
341 4885 499 4956 eruditae
524 4888 762 4982 antiquitatis,
795 4917 868 4965 non
896 4920 1017 4966 reten-
1134 4930 1244 4974 constat
1262 4929 1331 4986 eto,
1354 4920 1395 4974 sic
1409 4919 1534 4990 leguntur
1552 4917 1580 4971 iu
1599 4915 1705 4972 codd:⁴
1725 4917 1864 4988 „Certum
1884 4924 1924 4967 est
1938 4915 1966 4969 in
1981 4935 2056 4973 novo

600 5035 602 5038 .
1134 4989 1334 5058 ‚‚'l'e.=tamento
1358 4987 1461 5044 nullam
1486 4988 1668 5042 ceremoniam
1693 5003 1739 5039 scu
1765 4995 1869 5056 gestum
1890 4982 2056 5042 medactum

77 5027 244 5048 **-⁴-—---

1134 5076 1216 5126 „esse
1236 5075 1266 5112 er
1286 5075 1367 5128 opere
1386 5063 1511 5127 operato,
1533 5065 1578 5109 eut
1598 5055 1727 5128 quiddam
1746 5050 1907 5123 applicabilia
1922 5071 1979 5173 pro
1997 5055 2057 5110 allis

79 5103 112 5170 ¹6)
128 5117 242 5176 menna]
261 5109 348 5168 Codd.
364 5115 878 5194 aliasata'idesuerificioloquuntur,
894 5135 934 5181 ut.
1120 5127 1324 5209 ¹„solpgestn3
1350 5119 1908 5194 sediurocatioversetgcatiarumactio
1936 5122 2057 5179 'eclesiae

79 5187 112 5248 17>
128 5192 192 5246 Pro:
208 5205 260 5248 nest
273 5213 345 5261 opas
358 5198 448 5260 aiacem
462 5203 677 5266 applicationem
691 5216 758 5272 etc„
780 5216 808 5259 nt
822 5209 890 5264 ins„
904 5211 937 5264 ,d
953 5231 1013 5264 m.
1133 5200 1184 5264 „in
1205 5214 1264 5280 apso
1284 5195 1337 5250 ritu
1352 5193 1386 5278 sit
1400 5194 1561 5277 sacrificium
1578 5193 1637 5246 Deo
1651 5201 1768 5262 gratum.
1803 5188 1873 5243 Com
1891 5189 1926 5244 ita
1940 5209 2056 5274 serpeu-

104 5259 142 5312 lsar
159 5261 280 5316 Medeae
291 5269 467 5319 recitavimus
482 5277 548 5334 etc„
568 5270 595 5322 in
617 5269 696 5325 codd.
711 5283 814 5328 tautum
830 5275 895 5332 haec
909 5279 1011 5334 baben·
1131 5277 1201 5336 „tur
1215 5285 1241 5318 ιη
1258 5265 1386 5318 Ecclesus
1402 5273 1513 5326 nostru,
1538 5281 1660 5321 oremus,
1679 5279 1713 5312 ne
1725 5257 1870 5313 turbentur
1882 5273 1952 5314 nora
1965 5260 2054 5332 aliqua

101 5335 152 5382 tur:
173 5343 242 5402 „aut
258 5333 466 5404 applicationem
486 5338 542 5390 eius
563 5340 739 5394 necessariam
755 5361 811 5396 esse
825 5343 1010 5402 ed'remissio.
1129 5333 1366 5406 „perturbatione
1404 5333 1444 5386 De
1459 5349 1563 5386 canone
1577 5328 1706 5384 constat”
1722 5337 1774 5382 etc.

103 5415 175 5460 „nem
188 5410 370 5472 peccatorum.
406 5401 477 5460 llaec
491 5407 685 5463 prodestissime
697 5409 892 5470 ratissimum
904 5427 957 5474 etc.
1095 5418 1139 5488 20]
1158 5437 1231 5488 qaae
1242 5427 1320 5486 suut]
1339 5411 1499 5473 Gadilon.
1511 5414 1554 5469 90.
1571 5412 1726 5468 nonhabet.

1318 5505 1392 5581 16*
