4658 5818
60 253 123 328 sas
593 249 1049 330 uotsnouluou·
1078 251 1295 364 orosius.
1350 187 1480 332 issa.
1875 325 1889 342 ,
1991 253 2068 328 aas

50 431 171 500 bonum
201 423 268 496 toti
297 423 417 516 generi
450 419 609 498 humano
642 427 821 501 invenisti.
878 423 970 498 Nam
998 425 1027 495 si
1075 437 1215 517 gentem
1231 439 1447 512 contractus,
1466 433 1509 498 ut
1524 449 1605 497 cum
1620 425 1789 508 dicimus,
1806 439 1976 500 amtorem
1992 447 2066 498 esse
2106 443 2114 450 ’

56 531 149 604 scient
167 525 302 597 ludices
323 521 416 596 hauc
437 525 593 598 iusticias
614 529 834 610 doctrinam,
860 529 917 599 cu'i
942 549 1027 598 cou—
1076 528 1226 609 iostum,
1252 528 1379 613 idest,
1405 541 1602 598 servantem
1619 528 1886 621 aequalitatem,
1910 552 1985 600 non
2001 531 2065 600 de-

56 628 162 702 tradici
187 649 260 696 uon
282 627 412 717 possit,
437 649 623 720 nunquam
647 629 741 700 inter
758 653 794 700 se
808 629 1026 703 dissentient.
1075 629 1297 700 fraudantem
1314 629 1413 704 alios.
1471 627 1564 700 Cum
1587 629 1697 718 igitur
1719 629 1825 719 longa
1847 642 1883 699 et
1903 629 2066 702 involuta

56 729 99 802 lta
110 729 220 798 nullae
234 741 339 798 eruut
351 728 481 798 civium
500 753 540 798 ec
554 727 737 800 civitatum
755 731 970 812 discordiae,
992 746 1025 804 et
1075 730 1270 823 disputatio
1284 729 1330 802 sit
1344 731 1438 822 apud
1452 728 1655 815 Platonem,
1669 732 1713 802 dc
1729 723 1786 800 his
1801 730 1973 823 loquendi
1986 754 2065 802 mo·

55 831 121 900 bois
137 828 198 899 erit
213 829 428 902 seditionum
441 852 482 898 ac
497 829 684 905 bellorum.
735 829 808 902 Nec
828 832 925 903 aliud
950 855 1026 902 ma·
1075 830 1148 916 dis,
1175 844 1211 902 ει
1223 827 1424 921 Xenophon
1444 828 1671 924 simpliciter,
1695 843 1863 924 tanqssam
1885 831 2064 903 definitio-

55 934 96 1020 gis
118 931 236 1015 velim,
269 953 375 1024 quam
408 925 503 1000 hanc
527 955 547 1000 a
574 935 611 1002 te
642 930 850 1023 sapientiam
882 933 1025 1002 discere.
1074 919 1156 1000 nem
1172 932 1408 1016 constituens,
1433 955 1509 1002 uon
1524 927 1583 1002 hic
1598 943 1753 1016 tautum,
1779 933 1839 1002 sed
1862 931 1950 1002 alibi
1971 955 2064 1026 quo-

54 1030 198 1124 Hippias:
225 1027 274 1101 At
286 1055 360 1100 non
374 1030 515 1115 audies,
531 1030 601 1100 nisi
616 1032 716 1122 prius
732 1046 771 1104 tu
789 1057 931 1126 quoque
944 1055 1025 1102 seu·
1073 1055 1142 1126 que
1157 1032 1196 1100 in
1217 1033 1350 1102 iudicio
1364 1030 1468 1127 Cyri:
1494 1026 1642 1105 δίκαιον
1657 1045 1708 1102 est
1721 1025 1896 1125 νόμεμονε
1923 1025 2064 1106 Aristo·

54 1133 181 1204 tentiam
203 1143 300 1202 tuam
326 1131 452 1222 plane,
492 1143 526 1202 st
554 1131 725 1224 explicate
752 1133 902 1219 dixeris,
937 1133 1023 1227 quid
1074 1133 1176 1218 teles,
1210 1145 1251 1202 ut
1272 1135 1397 1202 modos
1425 1134 1599 1226 loquendi
1631 1133 1866 1218 discerneret,
1896 1148 1931 1204 et
1960 1155 2064 1204 suum

54 1247 164 1304 statuas
184 1254 257 1302 esse
277 1231 422 1307 iustum.
472 1228 546 1302 Nec
567 1233 634 1304 tibi
654 1236 863 1316 concedam,
888 1247 929 1304 ut
943 1247 1023 1305 tan·-
1072 1233 1200 1327 cuique
1214 1234 1332 1303 locum
1348 1234 1538 1319 tribueret,
1554 1235 1706 1326 primam
1725 1231 1884 1305 lustitiae
1899 1233 2064 1324 partitio·

53 1349 114 1404 ton
131 1333 337 1424 interroges,
362 1345 396 1405 et
416 1331 538 1404 eludas
560 1333 675 1415 dicta,
703 1348 737 1405 et
763 1347 861 1406 tuam
884 1335 1024 1426 sapien·
1071 1357 1153 1404 nem
1177 1334 1347 1419 instituit,
1388 1329 1549 1404 haustam
1566 1357 1607 1404 ex
1621 1334 1708 1426 ipsis
1725 1347 1874 1406 naturae
1893 1335 2065 1408 lontibus.

53 1435 123 1506 tiam
137 1435 298 1508 occultes.
346 1433 524 1506 Socrates:
558 1431 620 1504 An
640 1435 818 1506 nonsatis
841 1435 1024 1528 perspicus
1072 1429 1154 1505 Alia
1170 1434 1307 1528 iuquit,
1333 1449 1384 1506 est
1397 1433 1541 1505 lusticia
1564 1434 1798 1515 universalis,
1822 1435 1890 1506 alia
1907 1434 2065 1527 particu-

54 1537 149 1604 dicere
164 1536 305 1619 videor,
329 1535 416 1628 quid
432 1535 581 1605 sentiam
598 1557 671 1606 esse
691 1537 842 1619 iustum,
869 1561 950 1608 cum
969 1537 1023 1606 la·
1071 1536 1169 1607 laris.
1219 1533 1270 1606 Et
1283 1531 1548 1628 Xenophontis,
1563 1535 1806 1606 definitionem
1821 1537 2066 1610 accommodat

54 1635 104 1706 ctis
124 1636 203 1728 ipsis
226 1635 433 1706 ostendam?
465 1651 500 1708 et
521 1637 610 1708 lacta
635 1638 707 1708 sint
727 1636 921 1709 illustriora
942 1661 1023 1707 ver·
1070 1638 1116 1706 ad
1131 1637 1386 1722 universalem,
1411 1631 1558 1710 δίκαιον
1573 1649 1625 1706 est
1639 1627 1814 1730 νόμιμον.
1942 1691 1946 1699 .

54 1736 118 1804 bis?
162 1735 282 1807 Sentio
305 1736 414 1825 igitur
436 1736 611 1808 iusticiam
636 1760 711 1808 esse
735 1752 911 1829 praestare
934 1737 1023 1828 legi·
1172 1735 1270 1825 Quid
1295 1761 1386 1829 opus
1407 1749 1475 1816 est,
1501 1737 1595 1808 dicet
1616 1737 1766 1832 alispsis,
1790 1749 1885 1808 tanta
1907 1736 2064 1812 exilitate

54 1835 106 1906 bus
116 1837 360 1912 obedientiam.
409 1833 575 1929 Hippias:
602 1837 673 1910 Sed
689 1839 869 1932 quomodo
883 1838 1021 1910 iusticia
1072 1836 1379 1928 disputationum?
1427 1836 1546 1908 Factis
1558 1837 1694 1928 potius,
1718 1837 1810 1907 sicot
1824 1839 1869 1908 de
1890 1861 1930 1908 se
1945 1838 2064 1932 inquit

55 1949 95 2006 est
107 1938 232 2023 legibus
242 1937 414 2020 obedire,
441 1963 519 2008 cnm
533 1938 692 2028 gentium
714 1938 907 2010 multarum
930 1939 1022 2028 leges
1070 1935 1254 2018 Socrates,
1294 1961 1521 2008 communem
1559 1937 1856 2009 consociationem
1892 1952 2066 2024 tueamur,

56 2038 226 2106 contrariae
242 2037 339 2107 sint?
388 2035 461 2107 Nec
475 2061 559 2110 vero
575 2053 851 2110 consentaneum
868 2053 940 2122 est,
963 2039 1021 2109 iu·
1070 2036 1178 2130 idque
1191 2059 1264 2106 csse
1284 2035 1463 2108 lusticiam
1479 2050 1691 2124 statuamus,
1714 2038 1853 2108 omissis
1866 2039 1938 2108 illis
1953 2063 2064 2132 quae-

54 2151 93 2206 sta
106 2138 190 2208 inter
203 2161 239 2206 se
254 2139 450 2230 pugnantia
465 2161 551 2212 esse.
600 2137 779 2212 Socrates:
803 2135 915 2233 Atqui
938 2151 1022 2209 sunt
1071 2132 1227 2210 stionum
1242 2133 1465 2232 labyrinthis.
1515 2133 1595 2208 Etsi
1607 2139 1670 2208 ille
1687 2161 1761 2208 non
1774 2138 1908 2209 insulse
1927 2137 2063 2232 inquit:

54 2236 128 2326 leges
145 2242 314 2330 quaedam
337 2263 412 2308 non
434 2239 602 2330 scriptae,
628 2263 833 2309 communes
854 2241 1020 2309 omnibus
1068 2234 1145 2327 Ego
1179 2251 1345 2328 argutum
1380 2238 1493 2308 civem
1519 2239 1597 2308 siue
1622 2239 1771 2322 virtute,
1804 2239 1865 2308 odi
1892 2252 2063 2332 tanquam

55 2331 252 2422 bominibus,
279 2362 367 2432 quas
380 2337 477 2410 Deus
493 2340 567 2430 ipse
589 2341 709 2428 generi
731 2336 886 2409 humano
909 2341 1021 2410 tradi·
1069 2339 1270 2429 praeficem:
1306 2351 1425 2408 tamen
1446 2338 1630 2426 diligentia
1654 2339 1693 2408 in
1717 2337 1934 2430 exponendis
1955 2363 2063 2412 voca·

55 2435 113 2520 dit,
133 2453 167 2508 ut
180 2442 271 2531 apud
288 2461 411 2509 omnes
426 2434 589 2510 homines
602 2440 759 2530 primum
771 2440 949 2511 iudicatur
963 2464 1021 2510 re-
1069 2439 1182 2521 bulis,
1212 2452 1247 2510 et
1272 2440 1311 2508 in
1337 2439 1607 2512 delinitionibus
1630 2439 1842 2534 quaerendis
1865 2440 2061 2512 neccssaria

55 2550 129 2606 ctum
149 2563 218 2608 esse
241 2541 357 2610 colere
377 2538 514 2625 Deum,
545 2540 674 2610 deinde
698 2554 861 2632 parentes
883 2537 1019 2611 honore
1068 2553 1131 2611 est.

55 2637 177 2713 afficere.
218 2639 342 2732 Neque
357 2640 436 2710 ideo
453 2642 538 2712 talia
555 2664 631 2710 non
646 2654 731 2712 sunt
746 2641 921 2729 legitima,
936 2642 1019 2734 quia
1171 2637 1214 2710 ln
1226 2636 1386 2712 Ecclesia
1401 2653 1435 2712 ει
1451 2639 1490 2710 in
1499 2637 1673 2715 Sermone
1684 2639 1809 2710 divino
1824 2639 1962 2733 quoties
1975 2635 2063 2712 haec

54 2739 135 2806 molti
148 2763 184 2809 ea
202 2765 275 2808 non
291 2741 437 2814 faciunt.
465 2739 704 2814 'Afficiuntur
721 2742 816 2814 euim
831 2743 956 2834 poenis
969 2739 1020 2829 hi,
1068 2741 1215 2812 nomina
1249 2753 1480 2834 repetuntur,
1512 2738 1674 2826 Iusticia,
1705 2741 1905 2827 iniustitia,
1939 2765 2062 2835 pecca·

55 2837 102 2928 qui
113 2840 236 2911 violant
254 2835 318 2910 has
338 2841 441 2930 leges.
1066 2841 1168 2910 tum?
1216 2839 1286 2912 Hic
1301 2841 1455 2928 nescire,
1480 2865 1568 2935 quas
1584 2866 1640 2914 res
1658 2837 1746 2912 haec
1760 2843 1933 2912 vocabula
1956 2866 2062 2912 mon-

132 2937 306 3011 Hactenus
324 2941 540 3036 colloquium
562 2939 716 3038 Hippiae
736 2955 770 3012 ει
785 2939 941 3014 Socratis
960 2966 1019 3012 re-
1067 2955 1198 3024 strent,
1222 2965 1297 3013 non
1314 2943 1429 3014 solum
1448 2957 1574 3034 turpe,
1607 2945 1668 3014 sed
1693 2943 1800 3014 etiam
1821 2943 2061 3033 perniciosum

56 3035 146 3112 citavi.
198 3039 379 3124 Primum,
412 3056 451 3112 ut
471 3043 529 3112 rel
552 3035 660 3112 huius
677 3041 748 3110 viri
770 3043 928 3134 exemplo
961 3067 1018 3114 mc
1068 3055 1130 3116 eat.
1188 3039 1369 3116 Obruitur
1389 3043 1486 3114 enim
1507 3043 1668 3114 doctrina
1694 3043 1869 3126 derebus
1886 3043 2062 3132 maximis,

55 3147 144 3222 tuear,
174 3145 268 3234 quod
294 3144 431 3212 easdem
460 3142 624 3212 materias
645 3156 783 3232 repeto,
817 3143 1017 3236 etquidem
1067 3143 1306 3215 de'voluntate
1320 3143 1407 3228 Dei,
1427 3155 1463 3214 et
1476 3145 1520 3214 dr
1533 3145 1645 3216 salute
1658 3157 1791 3224 nostra.

56 3259 110 3304 ooo
125 3255 276 3324 mutatas.
329 3241 400 3312 Sed
421 3243 541 3317 eadem
556 3243 599 3312 de
625 3243 775 3327 eisdem,
800 3267 881 3314 vera
905 3257 939 3314 et
959 3268 1017 3313 re·
1165 3237 1381 3314 Malvsnda
1398 3245 1437 3314 in
1453 3245 1631 3338 colloquio
1649 3243 1901 3335 Ratispouensi
1925 3265 2060 3337 prope÷

55 3349 110 3420 sta,
134 3355 164 3411 et
191 3341 337 3433 proprio
370 3343 542 3412 sermonis
569 3365 695 3432 genere
730 3345 846 3414 dicere
881 3347 1016 3416 studeo.
1066 3358 1183 3414 suerat
1198 3345 1429 3432 sententiam,
1452 3343 1650 3416 Dilectione
1665 3340 1828 3416 homines
1847 3345 1958 3418 iustos
1973 3368 2060 3427 esse,

55 3431 285 3529 Namproiecto
301 3465 382 3510 vera
397 3443 641 3512 doctrinarum
662 3445 804 3514 exordia
820 3446 963 3534 proprie
980 3458 1017 3516 et
1066 3444 1148 3536 quia
1164 3445 1306 3518 dilectio
1325 3445 1634 3520 tribuatdebitum
1648 3441 1821 3518 honorem
1841 3445 1930 3518 Deo.
1981 3443 2059 3516 Ha·

55 3539 151 3606 codem
173 3544 276 3614 modo
299 3545 438 3612 tradere
466 3544 724 3614 adolescentiae
738 3545 840 3614 valde
861 3548 1014 3636 prodest.
1066 3545 1126 3614 bet
1139 3568 1242 3616 suum
1260 3547 1380 3618 locum
1397 3543 1484 3616 llaec
1500 3548 1709 3639 descriptio,
1733 3571 1813 3618 cum
1834 3547 1977 3634 delego
2000 3546 2057 3616 di-

54 3631 115 3719 Qua
133 3640 167 3709 in
186 3667 222 3712 re
243 3642 421 3714 mediocre
443 3643 550 3714 foisse
572 3668 690 3714 meum
719 3645 874 3715 studium
906 3647 1013 3736 longo
1066 3645 1175 3714 citur:
1200 3642 1346 3719 δίκαιον
1362 3661 1414 3717 est
1429 3639 1617 3739 odatrew.
1653 3647 1701 3718 Et
1713 3645 1785 3718 Lex
1800 3647 1935 3739 inquit:
1961 3642 2057 3716 Dili-

54 3745 196 3828 tcmpore,
229 3767 334 3836 spero
357 3745 487 3816 multos
510 3745 718 3834 intelligere.
777 3743 846 3816 Sed
882 3748 925 3816 de
956 3771 1013 3816 me
1064 3767 1123 3834 gas
1137 3745 1456 3818 DominumDeum
1471 3761 1573 3818 tuum
1588 3773 1630 3818 ex
1643 3761 1718 3818 toto
1732 3750 1850 3820 corde.
1888 3744 1958 3836 Sed
1972 3769 2055 3818 cum

54 3841 224 3912 modicam
243 3842 426 3935 prolixius.
1065 3845 1103 3914 in
1118 3840 1184 3916 bac
1198 3849 1348 3938 caligine
1361 3861 1495 3918 mentes
1518 3843 1694 3918 humanae
1715 3848 1840 3938 plenae
1861 3845 1933 3916 sint
1947 3847 2056 3920 dubi-

132 3937 244 4012 Altcra
259 3967 362 4013 causa
379 3957 450 4030 est,
469 3969 533 4015 cur
545 3947 661 4016 statim
679 3945 718 4016 in
734 3947 911 4016 vestibulo
922 3941 1013 4018 bano
1064 3947 1249 4031 tatiouum,
1266 3963 1301 4020 ει
1316 3950 1422 4018 corda
1439 3950 1510 4018 sint
1526 3949 1676 4031 viriosa,
1692 3971 1760 4018 uec
1772 3950 1919 4018 ardeant
1934 3953 2055 4018 ambre
2165 3981 2176 3989 ·

53 4040 259 4112 sanationem
273 4043 493 4114 collocarisn:
521 4046 618 4116 volui
638 4047 778 4118 obviam
801 4061 836 4116 et
857 4049 1011 4118 familia·
1064 4040 1152 4131 Ilei,
1178 4073 1249 4141 quo
1274 4051 1386 4119 modo
1406 4043 1741 4133 dicitMaleersdo,
1767 4043 1929 4121 homiues
1949 4048 2055 4122 debi-

53 4133 163 4210 rissime
182 4158 302 4216 notam
327 4167 400 4214 esse
421 4146 557 4229 multis,
589 4147 672 4240 quia
696 4171 736 4216 er
758 4142 826 4218 boc
850 4147 948 4231 loco,
975 4162 1011 4219 et
1062 4159 1136 4218 tum
1152 4144 1230 4228 Deo
1246 4149 1417 4219 reddere?
1466 4148 1548 4220 Non
1565 4149 1733 4242 iutelligit
1751 4145 1843 4221 hanc
1867 4151 1981 4241 ipsam
2004 4151 2054 4222 ob

53 4254 82 4302 es
100 4241 384 4330 disputationibus
404 4243 562 4316 Platonis
583 4249 622 4316 in
644 4247 759 4336 primo
790 4260 825 4318 et
855 4251 1008 4318 secundo
1040 4265 1236 4338 ,caussam,
1261 4249 1344 4344 quia
1358 4250 1445 4339 legis
1463 4251 1700 4322 obedientiam
1726 4246 1813 4320 haec
1836 4251 1963 4320 misera
1985 4273 2053 4319 na·
2117 4291 2119 4297 2

52 4339 211 4414 πολιτειῶν
225 4345 375 4418 extruxit
390 4342 595 4418 Aristoteles
611 4347 761 4438 primam
782 4347 1007 4439 partitionem
1059 4362 1137 4418 tura
1155 4373 1229 4419 non
1245 4363 1416 4442 praestat,
1442 4352 1480 4422 in
1505 4376 1589 4422 voce
1603 4349 1789 4441 Evangelii
1812 4348 1966 4441 proponi
1983 4351 2052 4420 do·
2141 4349 2146 4358 “

53 4429 202 4527 lasticiae,
223 4447 259 4514 in
278 4446 406 4538 quinto
419 4449 512 4518 libro
528 4441 759 4533 Etlricorum,
779 4467 868 4542 quae
883 4451 927 4518 ad
944 4475 1013 4518 vo-
1058 4450 1205 4520 ctrinam
1220 4454 1264 4522 dc
1280 4454 1487 4526 seruissione
1500 4465 1745 4544 peccatorum,
1765 4463 1801 4521 et
1814 4449 2054 4542 imputatione

53 4535 144 4609 sabuli
166 4548 426 4636 explicationem
444 4549 548 4618 valde
569 4549 761 4620 necessaria
777 4559 841 4618 est.
889 4548 1007 4632 Multa
1056 4549 1227 4624 iusticias.

53 4636 124 4705 enim
139 4645 262 4738 ubique
281 4649 439 4738 priorum
456 4649 549 4720 dicta
571 4649 696 4722 recitat
716 4646 941 4734 Aristoteles,
972 4663 1007 4722 et
1158 4650 1342 4740 Quantum
1363 4651 1511 4742 periculi
1533 4663 1584 4722 est
1614 4652 1653 4722 in
1675 4653 1904 4736 medicando,
1939 4651 1970 4722 si
1991 4675 2050 4724 re·

53 4735 85 4846 sd
98 4759 222 4814 normas
237 4751 368 4819 artium
381 4752 641 4835 accommodat,
651 4752 832 4822 interdum
844 4774 1007 4842 pugnan-
1057 4751 1261 4822 medienrm'
1272 4754 1416 4822 nomina
1431 4765 1466 4824 ει
1482 4766 1626 4824 naturas
1641 4755 1779 4843 ignoret
1794 4751 1977 4837 Medicus,
1996 4751 2049 4822 ita

53 4840 88 4904 tta
100 4837 132 4908 iu
144 4847 284 4934 speciem
306 4849 511 4940 distinguit,
534 4851 712 4926 interdum
737 4852 830 4922 dicta
850 4853 1006 4942 figurate,
1055 4854 1276 4944 multoplos
1293 4853 1442 4943 periculi
1463 4866 1515 4923 est
1530 4852 1568 4923 iu
1584 4852 1759 4941 Ecclesia,
1779 4854 1808 4922 si
1823 4876 1937 4924 sermo
1951 4851 2046 4920 disi-

53 4941 188 5030 lanuam
202 4971 272 5016 non
286 4951 514 5038 congruentia
534 4953 578 5020 ad
593 4964 702 5036 artes,
726 4952 852 5027 reiicit.
1054 4975 1127 5024 nus
1151 4977 1226 5022 non
1251 4953 1481 5042 intelligatur.
1538 4953 1612 5026 Nec
1634 4957 1756 5048 negari
1778 4966 1894 5044 potest
1915 4951 2049 5034 emtus
2158 4959 2160 4964 '

130 5038 377 5120 Animadvertit
410 5064 527 5120 autem
559 5075 691 5120 nomen
721 5049 883 5123 lusticiae
918 5053 1005 5123 alias
1056 5053 1133 5123 luce
1161 5055 1356 5124 multorum
1384 5055 1659 5142 vocabulorum,
1688 5053 1870 5140 iusticias,
1900 5053 2049 5142 gratiae,

54 5133 133 5208 aliter
143 5147 312 5238 usurpari,
336 5151 422 5220 alias
436 5151 620 5244 complecti
640 5162 753 5222 totum
767 5145 914 5240 chorum
931 5153 1004 5223 vir·
1053 5154 1152 5238 fidei,
1181 5169 1317 5228 secutas
1343 5177 1419 5226 esse
1438 5178 1592 5244 magnas
1612 5159 1652 5228 iu
1677 5154 1833 5229 Ecclesia
1867 5154 2043 5229 tenebras.

55 5242 158 5326 tutum,
180 5260 213 5318 et
227 5273 306 5320 cnm
316 5250 487 5337 dicimus,
510 5250 694 5324 Aristiden
706 5273 779 5322 esse
797 5252 930 5325 iustum
950 5255 1002 5325 ci·
1051 5249 1101 5326 Et
1115 5255 1219 5326 multi
1235 5279 1329 5328 nuuc
1352 5279 1494 5350 quoque
1514 5259 1695 5329 mordicus
1719 5257 1874 5330 retinent
1895 5278 2043 5340 errores,

56 5345 432 5442 v211¹,aliassignilicare
452 5375 560 5426 uuam
576 5355 753 5448 quandam
773 5354 924 5447 speciem
945 5380 1003 5426 re-
1051 5354 1133 5449 quia
1147 5355 1274 5428 imbuti
1289 5359 1381 5428 mala
1405 5359 1680 5446 cousuetudine,
1703 5359 1873 5432 vocabula
1897 5370 1988 5428 recte
2006 5369 2042 5446 qt
