4654 5816
84 3127 87 3134 ’
232 3144 358 3215 magna
376 3129 428 3187 est
446 3113 696 3186 dissimilitudo
713 3109 951 3183 Ecclesiamm
974 3109 1012 3180 in
1030 3103 1223 3198 Bohemio‚

238 252 313 334 ibt
809 237 1249 318 EPISTULARUM
1282 241 1409 320 'lilli-
1431 239 1516 324 ΧῙΙ.Ι
1567 242 1700 324 tete.
2200 241 2271 316 est

239 451 326 522 pore
340 423 430 496 istuc
444 415 635 490 me-renire
649 413 735 487 velit
749 407 798 509 ').
846 411 1049 486 Periculose
1062 425 1146 484 sunt
1161 407 1229 484 bae
1278 415 1386 506 gollas
1402 439 1544 490 escuem
1555 415 1650 511 typis
1665 437 1744 486 meo
1762 439 1871 490 more.
1912 413 2051 488 Literas
2065 419 2185 488 tamen
2200 437 2270 484 nou

240 526 480 602 mutilationes
501 519 668 612 scriptae,
694 533 735 590 ut
748 513 940 591 videbitC.
959 515 1002 592 V.
1052 515 1125 588 Sed
1143 511 1229 586 lracc
1279 519 1423 602 addidi.
1458 519 1544 614 quia
1574 518 1795 612 impediebar
1826 517 1948 591 multis
1980 515 2272 610 occupationibus

240 652 373 704 comm.
423 619 522 692 Bene
544 635 579 692 et
598 619 748 692 feliciter
762 615 929 692 valeatC.
948 617 991 692 V.
1011 620 1070 688 cui
1085 617 1152 691 Dei
1168 615 1230 686 Fi·
1280 645 1352 714 quo
1368 620 1487 692 minus
1500 620 1654 690 scribere
1677 643 1825 712 poeseos.
1876 619 2002 692 Postea
2023 623 2068 690 ad
2085 644 2142 688 me
2158 639 2273 690 acces-

240 733 310 804 lins
327 725 505 800 Dominus
527 736 647 794 noster
671 719 768 792 lesus
788 715 967 804 Christus,
991 743 1125 790 annum
1151 720 1230 790 tau·
1280 723 1328 792 sit
1350 717 1408 792 bic
1428 719 1470 797 N.
1493 721 1538 796 N.
1558 721 1701 792 auditor
1724 735 1865 806 noster,
1895 717 2004 792 boum
2033 721 2216 792 modestus
2241 733 2270 790 et

232 848 334 906 -stum
355 841 390 900 et
411 825 551 897 felicem
578 825 722 896 tribuat.
794 819 907 894 llatae
931 813 1090 916 Lipsiae
1112 820 1229 912 pridie
1281 826 1371 894 bene
1386 823 1800 909 instructnseruditionc‚
1825 824 1887 917 qui
1903 822 2026 916 petivit
2041 822 2272 894 setibicom·

239 934 330 1013 diei.
372 954 444 1026 qno
470 927 639 998 memoria
664 923 836 1018 Raptismi
870 921 956 994 Filii
980 919 1049 994 Dei
1074 923 1230 994 celebra·
1281 927 1454 1000 mendaci.
1504 923 1654 1016 Propter
1676 925 1835 1016 inopiam
1857 925 1994 998 diutius
2015 925 2054 994 in
2080 917 2269 994 Academia

239 1051 300 1112 tur
317 1027 385 1129 *').
1282 1021 1426 1096 haerere
1441 1051 1514 1096 non
1532 1039 1656 1118 potest.
1706 1023 1760 1096 Ac
1776 1026 2053 1098 idoneusestad
2069 1025 2270 1096 ducendum

1281 1129 1337 1198 cel
1351 1127 1390 1198 in
1406 1128 1556 1221 templo,
1575 1127 1631 1198 vel
1645 1127 1683 1198 in
1699 1123 1832 1200 schola.
1868 1125 1934 1200 Est
1945 1141 2064 1200 antem
2078 1127 2181 1220 pium
2195 1124 2273 1194 otfr-

1280 1231 1375 1300 cium
1391 1231 1484 1300 bona
1498 1228 1639 1320 ingenia
1655 1241 1731 1300 tum
1739 1225 1920 1316 Ecclesiis‚
1934 1244 2010 1302 tum
2026 1223 2157 1300 sclaolis
2172 1249 2274 1320 prae·

249 1375 305 1450 No
342 1369 454 1444 4550·
1070 1373 1104 1436 3·
1129 1361 1196 1432 pm·
1281 1333 1393 1406 licere.
1445 1329 1566 1420 Quare
1587 1345 1621 1402 te
1636 1331 1738 1402 valde
1754 1355 1818 1402 oro
1834 1345 1874 1404 ut
1895 1333 2041 1404 adiuves
2063 1325 2160 1402 hunc
2177 1327 2224 1400 N.
2241 1341 2274 1398 et

231 1421 453 1512 *ai-m
1050 1456 1222 1490 Μ
1280 1435 1310 1504 si
1327 1459 1395 1528 qua
1411 1434 1477 1502 erit
1492 1433 1647 1514 occasio,
1673 1433 1805 1504 alicubi
1821 1431 1854 1502 ei
1869 1435 1925 1504 vel
1940 1453 2065 1526 operas
2086 1432 2125 1502 in
2140 1425 2273 1514 schola,

581 1547 630 1637 0,
654 1545 893 1634 Ρῑεωωφῑ,
1280 1536 1337 1604 vel
1365 1557 1495 1604 munus
1522 1532 1673 1606 Diaconi
1706 1538 1943 1606 commendes.
1991 1531 2105 1626 Spero
2136 1531 2274 1604 utiliter

1280 1637 1493 1706 serviturum
1515 1657 1588 1706 esse
1604 1631 1781 1708 Ecclesiae
1796 1635 1878 1710 Dei.
1931 1633 2069 1706 Vidisse
2086 1649 2121 1704 te
2138 1633 2273 1706 articu-

305 1725 342 1782 ss'
367 1720 536 1793 ¹⁰¹⁰ss¹²t¹¹⁰
552 1721 624 1776 ΡΝ·
641 1721 708 1778 Met.
733 1720 762 1779 ¹¹¹
780 1721 843 1776 ⁰⁰⁶·
861 1719 945 1804 eger.
964 1717 1051 1775 ⁰⁰⁰¹·
1071 1727 1151 1776 ’Μ
1174 1719 1228 1776 ⁵²³²
1280 1737 1333 1806 los
1360 1730 1510 1830 Progne
1540 1737 1740 1828 pastoribus
1774 1738 1973 1830 propositos
2001 1735 2177 1820 arbitror,
2210 1735 2273 1828 qui

341 1793 411 1848 edite
428 1811 443 1846 a
461 1789 601 1864 Cypriane
618 1790 647 1846 in
665 1789 741 1864 epist.
759 1785 860 1846 clarar.
880 1809 962 1848 error.
979 1809 1005 1862 p.
1019 1789 1061 1844 16.
1469 1842 1477 1856 ‚
2078 1839 2088 1856 ,
2204 1837 2213 1853 ,

473 1889 486 1906 .
949 1891 953 1900 .
1279 1863 1360 1908 cum
1383 1851 1588 1908 contineant
1612 1839 1782 1932 quaedam
1807 1841 1973 1908 mandata
1991 1837 2178 1908 manifeste
2202 1861 2272 1904 rm·

243 1238 787 1260 Wmffl-*un
801 1233 966 1250 ...n-*rm-

236 1945 447 2026 Rerersndo
467 1947 546 2018 viro
573 1941 775 2018 eruditione
805 1955 837 2018 et
864 1945 993 2018 virtute
1019 1947 1231 2046 praestanti
1279 1941 1350 2032 pia,
1376 1965 1449 2010 non
1465 1941 1591 2012 dubito
1604 1941 1806 2012 universam
1820 1937 2014 2012 Ecclesiam
2027 1951 2126 2010 tuem
2142 1961 2273 2026 magno
2325 1937 2326 1996 ἓ

235 2051 290 2128 D.
313 2042 660 2150 christophoro
684 2043 899 2133 Fischer,
924 2043 1078 2120 Pastori
1097 2047 1227 2120 Eccie-
1278 2065 1450 2113 consensu
1466 2065 1525 2114 eos
1539 2055 1776 2112 execraturam
1791 2065 1876 2128 esse,
1899 2042 1931 2112 si
1947 2040 2049 2112 vobis
2063 2039 2174 2112 etiam
2190 2063 2274 2132 pro·

235 2159 315 2231 siae
329 2151 409 2226 Dei
422 2151 462 2222 in
477 2143 865 2250 oppidoBorcmorum
881 2146 1082 2252 Bensen’),
1108 2152 1227 2222 amico
1278 2158 1466 2236 ponentur.
1517 2143 1586 2214 sea
1609 2143 1769 2214 existimo
1784 2167 1845 2216 eos
1866 2143 2071 2235 nequidem
2093 2135 2165 2212 boc
2187 2165 2274 2212 con-

630 2276 700 2324 suo
720 2245 882 2324 sulendo.
1277 2246 1358 2316 silio
1374 2245 1537 2316 conditos
1560 2267 1652 2331 esse,
1676 2259 1717 2316 nt
1735 2247 1835 2316 vobis
1856 2259 1890 2316 et
1905 2237 2055 2314 Silesiis
2076 2244 2272 2336 imponan-

1276 2360 1348 2420 tur.
1404 2345 1503 2418 Scire
1523 2360 1642 2416 tamen
1664 2347 1769 2440 cupio
1790 2347 1876 2442 quid
1903 2371 1943 2418 ea
1971 2347 2016 2416 de
2040 2367 2079 2414 re
2100 2345 2271 2415 audieris.

1277 2445 1385 2518 Mitto
1398 2447 1464 2518 tibi
1477 2447 1683 2518 concionem
1701 2448 1740 2517 in
1753 2444 1809 2520 lais
1822 2449 1921 2520 seriis
1929 2447 2042 2520 amico
2052 2446 2223 2537 scriptam
2233 2441 2273 2540 ¹).

1276 2547 1350 2618 llas
1383 2571 1438 2620 res
1470 2571 1615 2639 magnas
1648 2550 1846 2634 illustrare,
1884 2573 1975 2645 quae
2008 2547 2273 2618 invocationem

1273 2652 1486 2730 ostendunt,
1513 2651 1637 2720 utilius
1651 2665 1720 2738 est,
1745 2677 1851 2746 quam
1874 2675 1955 2722 cnm
1971 2641 2150 2717 Echidna
2167 2644 2197 2716 I
2196 2643 2273 2741 lly-

1276 2749 1354 2821 rica
1371 2747 1402 2846 ⁴)
1428 2766 1577 2834 certare,
1603 2753 1704 2822 cuius
1727 2777 1862 2824 venena
1888 2753 1984 2822 viros
2004 2745 2174 2820 honestos
2196 2752 2273 2819 eri-

1275 2855 1379 2924 stimo
1395 2853 1577 2924 detestari:
1609 2849 1691 2924 Non
1712 2857 1808 2924 enim
1830 2865 1964 2948 pugnat
1978 2854 2023 2922 de
2039 2852 2115 2922 ullo
2133 2853 2274 2921 doctri-

1275 2979 1341 3024 nae
1369 2955 1501 3046 eapite,
1535 2957 1595 3024 sed
1618 2957 1838 3026 narrationes
1862 2955 1986 3030 scribit
2006 2953 2272 3024 calumniarum

1274 3069 1309 3127 et
1325 3056 1590 3126 mendaciorum
1608 3055 1743 3148 plenas,
1766 3059 1896 3151 quibus
1912 3071 2102 3147 utrumqne
2116 3055 2205 3143 agit,
2231 3069 2272 3125 ut

1275 3181 1331 3226 me
1352 3157 1485 3250 populo
1503 3157 1657 3228 invisum
1678 3158 1801 3240 iaciat,
1823 3173 1859 3230 et
1875 3159 2041 3230 accendat
2062 3170 2187 3226 contra
2213 3181 2271 3226 rue

1274 3259 1356 3328 illos
1380 3260 1493 3350 ipsos,
1524 3259 1587 3351 qui
1613 3283 1709 3330 nunc
1735 3262 1904 3354 praebent
1933 3254 2138 3348 hospitium.
2199 3255 2270 3328 Sed

237 2401 286 2490 S.
304 2409 350 2485 D.
382 2405 594 2480 Reverende
608 2401 665 2472 vir
680 2417 716 2474 ct
730 2403 841 2474 amice
858 2401 1045 2475 carissime.
1078 2397 1225 2475 Utinam

232 2515 293 2590 bic
306 2505 617 2610 quinquagesimus
632 2529 747 2575 annus
756 2529 836 2573 vere
850 2505 896 2574 sit
909 2501 1062 2574 iubileus
1075 2527 1115 2572 ac
1128 2505 1225 2574 leva·

234 2619 370 2692 tionem
385 2609 621 2681 calamitatum
635 2601 799 2676 Ecclesiis
814 2607 967 2686 adferat,
994 2618 1028 2676 et
1044 2617 1084 2674 ut
1104 2603 1168 2676 tibi
1192 2619 1222 2674 et

234 2737 316 2794 tuae
331 2711 541 2784 domesticae
556 2719 590 2777 et
611 2708 773 2800 publicae
786 2703 964 2778 Ecclesiae
978 2707 1111 2776 laustus
1125 2720 1159 2776 et
1173 2708 1225 2776 le-

230 2823 282 2894 lix
299 2817 355 2902 sit,
379 2825 475 2904 opto.
512 2809 599 2898 Legi
614 2799 865 2903 Progensihus
881 2809 1078 2900 propositus
1091 2807 1222 2878 articu-

230 2927 287 2996 los
301 2915 353 3012 ¹),
380 2913 444 3009 qui
468 2913 651 2982 continent
672 2913 803 2981 multos
821 2923 927 2982 tetros
943 2933 1079 2980 errores
1094 2922 1127 2979 et
1145 2910 1223 2979 ido-

229 3026 350 3100 lorum
375 3015 598 3086 manifestam
625 3011 941 3086 confirmationem.
1001 3007 1081 3082 Etsi
1107 3025 1223 3080 autem

232 3246 351 3302 tamen
366 3215 451 3302 hae,
476 3239 565 3310 quae
586 3215 770 3284 nobiscum
792 3211 969 3296 sentiunt,
996 3207 1092 3283 haud
1115 3213 1223 3284 dubie

233 3327 315 3400 illos
336 3317 503 3395 articulos
532 3315 798 3386 execrabuntur.
854 3311 901 3387 Et
928 3338 1030 3406 spero
1056 3315 1151 3400 sore,
1184 3327 1223 3385 ut

232 3435 319 3504 dens
333 3425 409 3518 ipse
422 3417 568 3510 dissipet
584 3415 730 3488 consilia
751 3415 871 3508 impia.
921 3414 1062 3505 Quaeso
1079 3429 1119 3484 ut
1132 3439 1223 3485 mm-

229 3555 293 3630 per
308 3523 413 3598 nobis
426 3519 571 3595 scribas.
617 3515 715 3589 Bene
731 3531 766 3588 ct
778 3517 927 3588 feliciter
942 3517 1031 3590 vale.
1081 3511 1150 3586 Die
1166 3516 1222 3590 la·

218 3629 352 3708 'nuarii
366 3623 403 3700 8.

1275 3462 1534 3536 lumniatorem.
1590 3459 1689 3534 Bene
1707 3463 1782 3532 vale
1798 3477 1833 3536 et
1845 3463 2009 3538 rescribe.

747 3713 934 3814 Philippus
949 3713 1173 3794 Melantbon.

1199 3909 1220 3920 -
1272 3807 1340 3884 No.
1353 3807 1465 3888 4662.
1838 3855 1842 3870 ·
2093 3820 2141 3900 (b.
2167 3842 2217 3880 ere
2230 3835 2248 3880 t.

1278 3905 1451 3937 w

229 4055 296 4129 tto.
312 4042 424 4125 4651.
1015 4039 1098 4122 (aaa
1111 4040 1222 4122 temp.)
1498 3993 1626 4082 Hier.
1651 3995 2041 4110 Baamgartaero.

234 4143 407 4186 Μ
1339 4163 1427 4240 Epist.
1444 4165 1546 4226 lib.lll.
1565 4185 1592 4240 p.
1604 4167 1649 4224 tat
1658 4187 1698 4242 sq.
1721 4167 1773 4226 llic
1787 4187 1818 4224 er
1830 4168 1998 4244 autograpbe
2008 4167 2037 4224 in
2049 4169 2116 4225 cod.
2124 4169 2237 4227 Monac.
2245 4173 2265 4228 l.

542 4206 610 4294 lo.
641 4203 901 4292 Mattheaio.
1371 4255 1401 4313 ρ.
1415 4236 1474 4312 aar.

294 4371 490 4458 leil-M·
507 4367 588 4444 Μ’·
606 4361 894 4438 ΜΨΜΗΒᾸῙ·
913 4362 1036 4434 ‘⁹⁴⁶⁹'
1333 4387 1622 4488 Hieronymo
1645 4383 2005 4486 Bomgartnero,
2026 4385 2206 4463 Senatori

431 4526 486 4603 D.
509 4521 727 4600 Iohanni
749 4509 1019 4594 Matthesio
1692 4487 1828 4568 Norih.

226 4667 278 4758 S.
298 4673 344 4746 D.
380 4658 604 4742 ,Reverendo
619 4657 676 4726 vir
697 4668 733 4726 et
747 4647 891 4725 chariss.
907 4617 1043 4722 trater.
1077 4647 1218 4724 Nuncio
1270 4617 1319 4710 S·
1344 4638 1390 4718 D·
1425 4590 1587 4722 ¹Utinam
1606 4637 1668 4722 bic
1687 4641 2000 4736 quinquagesimus
2013 4663 2131 4712 annus
2148 4655 2185 4712 et
2199 4646 2266 4711 ad·

224 4793 308 4858 ante
325 4771 479 4846 biduum
499 4755 585 4832 hinc
598 4760 645 4832 ad
661 4779 725 4831 vos
745 4755 812 4828 iter
832 4749 1037 4844 suscipienti
1050 4752 1135 4826 dedi
1156 4777 1219 4846 pa·
1260 4741 1374 4822 -tlictis
1391 4737 1616 4821 Ecclesiiset
1638 4745 1840 4830 ciuitatibus
1856 4743 1904 4816 sit
1917 4765 1998 4826 rere
2020 4741 2199 4862 iubilate,
2226 4769 2267 4814 ac

432 4925 446 4940 .
973 4917 976 4926 ι
1063 4917 1067 4928 .
1444 4893 1529 4940 ...ι-’Π

257 5000 1076 5156 aaaatitulusitatzt‘uau‘³‘
1092 5019 1118 5059 ⁸·
1131 4999 1218 5076 Μ’
1291 4991 1469 5162 'appel
1483 5060 1540 5099 aa
1553 5018 1651 5128 ...a
1665 5015 1949 5128 suanm..
1964 5043 2062 5114 aa·
2077 5043 2163 5111 aa·
2176 5041 2266 5098 n...

256 5187 304 5260 ss)
323 5183 386 5248 t...
401 5175 465 5239 steti
481 5163 829 5250 apparitionissemndam
845 5157 928 5234 hlefi
945 5157 1147 5218 Celeuslarian·
1299 5192 1330 5264 t)
1347 5191 1425 5262 Quot
1438 5194 1538 5268 scripte
1552 5195 1661 5254 Florio·
1676 5199 1730 5253 lem
1744 5207 1818 5281 antro
1833 5197 1908 5281 ¹5⁴⁹·
1920 5197 2041 5284 gaiam.
2053 5197 2181 5255 ,dmm
2195 5195 2261 5250 m„

254 5265 699 5486 illicitas*
713 5333 858 5404 a...
880 5303 1100 5411 ..c.....
1122 5339 1150 5386 ε’
1168 5321 1214 5388 t·
1331 5261 2261 5474 §.litati-tta.'1:¹annaa·.t¹na.aat

171 5500 178 5513 ι
300 5445 329 5488 ἢ
341 5440 385 5500 'P'
476 5455 484 5476 e
512 5431 558 5470 lile
642 5445 651 5467 e
748 5439 753 5446 ·
897 5431 901 5438 '
955 5431 958 5441 ·
1283 5423 1287 5434 ι
1352 5437 1360 5455 ι
1425 5437 1433 5457 .
1570 5421 1574 5431 ,

1273 3359 1370 3431 Deus
1384 3351 1685 3458 καρδιογνώστης
1697 3363 1861 3433 desendet
1876 3385 1933 3430 me
1946 3371 2069 3430 contra
2084 3353 2182 3430 huuc
2197 3357 2269 3430 Ca-
