4616 5812
72 239 127 316 ιιι
612 219 1056 314 srtsrots'ttutu-
1101 211 1210 308 atr.
1240 227 1304 309 xe
1354 227 1491 306 asts.
1691 317 1697 326 ¹
1992 211 2067 304 sco

69 407 118 478 No.
132 402 227 478 tato.
245 409 266 420 ”“
318 411 323 420 ’
527 403 533 414 ’
730 411 734 422 “
887 407 1019 478 anna
1071 402 1193 500 scripti
1219 402 1437 475 obscuritate
1457 401 1563 492 oriri,
1594 401 1654 474 sed
1679 385 1781 498 saepe
1802 399 2093 496 spernendae

72 501 233 546 Μ
579 507 583 515 ’
861 499 1010 528 ““”’”
1071 503 1270 583 hominum.
1295 505 1948 580 Videbabtludseimortuosinvitam
1963 527 2068 574 revn-
2109 547 2111 553 ,

344 583 424 672 Tfi-
454 583 718 676 cmmo-
1072 611 1145 682 cari
1162 635 1182 682 a
1197 607 1435 700 filioMariae,
1465 623 1499 681 et
1516 623 1634 682 tamen
1648 608 1723 680 eius
1738 607 1920 680 doctrinae
1937 605 2069 676 acerri-

120 729 222 803 aptante
237 725 384 854 papianus
395 727 526 852 ffiffdfffl
541 725 625 782 nacti
643 724 749 798 htyriet
771 723 940 852 Q'f‘d‘
958 741 1025 847 2030
1071 737 1128 834 me
1143 711 1429 832 adversabantur.
1462 709 1552 782 Cum
1571 710 1737 804 igiturne
1754 710 1908 782 convicti
1922 709 2067 828 guidem
2158 783 2159 788 ἵ

147 797 288 923 :ada
306 807 1025 950 atat::attentassentarata
1073 811 2069 986 evaeumm1rae13¹0mzn⁰eoberedsrent=gaggan

67 983 286 1069 narrandas.
310 979 727 1080 D⁰mfn⁰÷Th⁰m⁰⁶e
749 979 1030 1091 Archief’fs‘l'ffl
1074 929 1570 1092 hiimsardhfididldissddiidhii
1583 927 2068 1110 hristiamltladiriddqdanqhxdhi

204 1076 472 1164 Caniumifnsf
495 1077 598 1164 Phil·
625 1083 720 1166 Md·
755 1087 793 1166 s·
819 1086 865 1164 D·
1075 1143 1199 1190 verum
1214 1133 1284 1205 est,
1308 1113 1471 1190 homines
1488 1114 1697 1212 sophisticos
1720 1141 1783 1190 seu
1799 1111 2069 1214 sycophanticos

67 1223 126 1306 Ars
144 1237 174 1300 ct
192 1223 374 1298 mirandus
388 1224 478 1294 ordo
499 1221 541 1294 in
555 1233 631 1294 toto
644 1221 784 1316 opificio
800 1236 965 1304 naturae,
991 1221 1030 1294 in
1076 1217 1196 1294 omnia
1206 1219 1365 1292 omnium
1381 1221 1473 1292 dicta
1489 1243 1590 1314 posse
1603 1220 1889 1293 cavillationibus
1899 1219 2071 1312 deprava-

68 1329 136 1403 cocli
156 1341 188 1400 ct
202 1327 455 1398 clementorum
476 1323 613 1418 positu,
637 1325 678 1394 in
700 1327 856 1397 siderum
875 1323 1030 1396 motibus
1076 1347 1135 1409 re,
1156 1339 1276 1396 tamen
1295 1346 1371 1393 uon
1393 1335 1578 1416 propterea
1596 1323 1770 1394 certitudo
1794 1321 1895 1394 nulla
1920 1332 1988 1391 est:
2018 1334 2071 1404 ut,

67 1449 91 1504 et
108 1425 357 1502 conservatione
387 1427 602 1519 specierum,
636 1426 675 1496 in
701 1427 931 1498 fabricatione
952 1450 1027 1496 cor·
1078 1425 1213 1497 etiamsi
1224 1425 1316 1496 ludit
1329 1423 1456 1518 aliquis
1471 1417 1957 1518 praestigiatorinhocdicto:
1972 1444 2070 1492 nunc

67 1534 141 1628 poris
159 1527 320 1614 laumani,
345 1529 499 1622 denique
521 1529 560 1597 in
582 1527 659 1598 luce
677 1529 825 1614 mentis,
850 1529 888 1598 in
906 1551 1031 1598 nume·
1077 1527 1212 1602 iustitia
1221 1525 1289 1598 Dei
1301 1527 1377 1598 sine
1390 1528 1466 1618 lege
1477 1527 1651 1620 apparuit,
1663 1540 1781 1598 tamen
1793 1549 1869 1597 non
1885 1536 2071 1618 propterea

67 1638 116 1720 ris,
147 1633 279 1728 legibus
301 1645 335 1702 et
357 1632 524 1704 omnibns
547 1629 682 1704 artibus
704 1631 797 1702 vitae
818 1629 1032 1716 necessariis,
1077 1625 1226 1702 obscura
1244 1643 1304 1700 aut
1317 1629 1482 1718 ambigua
1498 1643 1549 1702 est
1565 1629 1690 1702 oratio.
1715 1627 1806 1700 Nam
1823 1629 1932 1698 series
1946 1626 2071 1720 dispu-

66 1737 218 1808 evidentcr
237 1731 410 1819 ostendit,
434 1725 525 1804 hane
549 1755 668 1804 rerum
692 1745 855 1804 naturam
875 1755 951 1804 non
972 1755 1031 1802 ex·
1078 1731 1222 1806 tationis
1241 1731 1326 1826 quid
1346 1729 1431 1802 velit
1444 1731 1561 1804 dicere
1584 1729 1716 1804 Paulus
1737 1729 1882 1802 indicat.
1930 1728 2001 1802 Sed
2019 1729 2071 1797 le-

66 1839 154 1910 titisse
167 1859 266 1918 casu,
293 1860 334 1906 ac
348 1847 488 1920 monet,
512 1833 724 1905 intuendum
746 1858 818 1906 esse
833 1849 951 1908 mente
965 1829 1031 1906 ho·
1078 1847 1189 1906 stores
1205 1835 1364 1906 adferant
1386 1833 1424 1902 in
1448 1833 1639 1904 iudicando
1662 1833 1901 1924 cognitionem
1923 1826 2072 1924 phrasis,

65 1965 126 2011 rum
139 1962 280 2030 operum
295 1931 524 2010 architectum
540 1949 575 2006 et
589 1937 819 2010 conditorem.
870 1935 1031 2009 Hicvero
1078 1936 1292 2008 mediocrem
1302 1935 1539 2007 eruditionem
1550 1933 1978 2021 etdcxteritatcmiudicii,
1988 1955 2072 2003 can-

65 2042 209 2110 inmensa
224 2039 382 2110 bonitate
397 2062 472 2110 non
487 2037 602 2109 solum
624 2037 663 2110 in
680 2033 748 2110 hoc
763 2039 903 2130 opificio
917 2061 954 2112 se
969 2063 1031 2132 pa·
1078 2040 1220 2124 dorem,
1245 2040 1408 2110 timorem
1426 2036 1515 2124 Dei,
1541 2063 1695 2110 amorem
1712 2037 1889 2121 veritatis,
1920 2059 1985 2106 uec
2000 2034 2071 2104 sint

66 2143 167 2227 telecit,
182 2137 362 2212 sedetiam
378 2139 545 2232 prodiens
561 2165 603 2212 ex
619 2165 746 2212 arcana
760 2143 842 2212 sede
859 2142 1032 2212 allocutus
1077 2141 1238 2212 fascinati
1253 2140 1369 2232 pravis
1384 2140 1624 2232 opinionibus,
1638 2165 1702 2212 nec
1714 2137 1901 2210 ambitioni
1917 2149 1978 2208 aut
1992 2137 2072 2206 aliis

63 2257 102 2315 est
114 2235 268 2314 homines
283 2245 344 2313 sua
360 2265 458 2327 voce,
473 2255 506 2313 et
521 2242 635 2336 qualis
651 2243 708 2328 sit,
726 2245 904 2338 quomodo
921 2237 1031 2334 agno-
1078 2241 1261 2314 affectibus
1283 2242 1448 2316 serviant.
1504 2240 1610 2314 Certa
1631 2255 1714 2314 sunt
1735 2241 1861 2333 igitur,
1891 2227 1981 2334 qiiae
2008 2237 2073 2307 tali

64 2347 100 2415 sci
114 2359 143 2414 et
157 2343 315 2415 invocari
329 2343 437 2430 velit,
454 2343 627 2430 ostendit,
649 2367 689 2414 ac
704 2344 816 2436 legem
833 2359 867 2416 et
879 2344 1032 2437 promis·
1078 2345 1267 2424 verborum
1283 2365 1407 2434 genero
1423 2358 1632 2430 narrantur,
1655 2345 1749 2439 quod
1768 2366 1877 2414 unam
1892 2340 2072 2436 quandam

62 2447 156 2516 shnes
175 2445 332 2518 tradidit.
379 2443 472 2516 Cum
497 2459 614 2515 autem
639 2469 702 2538 pro
718 2441 785 2516 hac
799 2447 1031 2538 patefactione
1077 2445 1287 2517 sententiam
1309 2445 1437 2538 gignit,
1470 2445 1601 2517 iudicio
1623 2469 1790 2516 sanorum
1811 2457 1847 2515 et
1869 2441 2073 2531 intelligen-

62 2561 139 2637 grata
160 2571 229 2618 esse
253 2547 418 2617 universa
440 2541 629 2618 hominum
652 2560 780 2618 natura
803 2544 966 2635 deberet,
998 2561 1032 2618 et
1079 2548 1168 2620 tium
1182 2543 1346 2640 phrasin,
1373 2563 1407 2620 et
1422 2571 1495 2617 non
1512 2548 1728 2618 calumniose
1742 2543 2073 2620 transformantium

61 2644 114 2720 hoc
127 2648 325 2720 testimonio
339 2671 439 2718 mens
453 2646 646 2718 erudienda
662 2661 698 2720 et
711 2647 954 2720 confirmanda
977 2672 1032 2720 es-
1078 2650 1185 2720 verba
1207 2649 1246 2718 in
1268 2649 1419 2718 alienam
1435 2649 1735 2739 significationem.
1785 2645 1948 2743 Denique
1972 2646 2075 2717 utin

63 2765 117 2835 set,
136 2765 166 2821 et
181 2777 249 2820 vor
264 2747 331 2822 Dei
353 2763 555 2823 reverenter
570 2751 766 2837 audienda,
786 2764 822 2822 et
836 2751 1033 2822 lirrnissime
1078 2752 1155 2822 foro
1171 2749 1345 2843 sapientes
1360 2764 1394 2821 et
1409 2751 1492 2821 iusti
1514 2751 1646 2822 iudices
1664 2751 1702 2822 in
1717 2751 1870 2822 ferendis
1891 2747 2074 2820 sententiis

60 2853 294 2942 amplectenda:
346 2850 541 2921 dolendum
572 2864 641 2933 est,
677 2851 872 2944 praestigiis
898 2851 1031 2924 diaboli
1078 2865 1229 2924 utuntur
1248 2853 1433 2944 perspicuo
1449 2866 1481 2923 et
1497 2867 1592 2924 certo
1607 2875 1734 2943 genere
1750 2853 1938 2924 orationis:
1964 2851 2011 2920 ita
2036 2849 2075 2916 in
2166 2844 2170 2848 ’

61 2951 143 3022 etiam
156 2949 216 3024 has
232 2952 483 3046 patefactiones
495 2953 688 3034 obscurari,
705 2966 739 3025 et
752 2949 918 3024 humanis
931 2975 1030 3024 men·
1079 2977 1241 3024 sermone
1256 2953 1395 3024 coelesti
1413 2955 1614 3046 perspicuae
1629 2967 1664 3026 et
1682 2969 1795 3027 certae
1810 2969 1892 3026 stant
1906 2954 2023 3042 legum
2041 2964 2076 3020 et

61 3055 136 3124 tibus
150 3079 275 3126 vocem
291 3053 359 3125 Dei
376 3055 503 3126 excuti.
552 3052 645 3125 Nam
659 3049 965 3146 haccavillatione
980 3057 1033 3125 la-
1081 3055 1356 3147 promissionum
1371 3049 1609 3142 narrationes,
1632 3070 1666 3126 et
1680 3057 1917 3150 plurimorum
1942 3052 2075 3124 articu-

56 3155 215 3228 belactant
228 3155 333 3248 impii
347 3155 533 3228 coelestem
556 3179 769 3227 sermonem:
798 3157 962 3248 ambigue
977 3157 1033 3228 di·
1080 3157 1197 3228 lorum
1219 3156 1314 3230 fidei.
1371 3155 1453 3228 Non
1475 3159 1570 3227 enim
1594 3171 1778 3250 putemus,
1808 3158 1925 3232 Deum
1947 3179 1989 3226 ex
2011 3153 2075 3226 illa

61 3269 101 3326 cta
117 3259 347 3354 relinquenda
371 3273 474 3339 sunt,
503 3271 541 3330 et
562 3257 758 3352 quaerendi
776 3259 840 3330 alii
862 3261 1033 3338 doctores,
1079 3281 1142 3330 sua
1162 3281 1288 3330 arcana
1313 3257 1394 3330 sede
1410 3260 1602 3350 prodiisse,
1623 3273 1665 3332 ut
1685 3261 1850 3352 ambigua
1867 3257 1958 3330 dicta
1975 3279 2076 3348 spar-

60 3357 108 3448 qui
120 3361 337 3453 perspicuam
352 3371 390 3430 et
404 3359 541 3433 firmam
559 3359 757 3432 doctrinam
771 3362 930 3436 tradunt.
975 3355 1034 3446 At,
1079 3371 1194 3450 geret,
1223 3373 1259 3432 et
1288 3361 1408 3452 generi
1436 3353 1594 3434 humano
1624 3377 1793 3456 tanquam
1813 3365 1934 3458 μῆλον
1956 3353 2076 3456 i‘psdor

60 3481 163 3550 magna
179 3485 220 3532 ex
233 3473 358 3556 parte,
379 3460 568 3555 inquiunt,
591 3461 779 3548 obscurus,
802 3462 988 3552 ambiguus
1000 3474 1033 3531 et
1080 3461 1259 3535 obiiceret.
1319 3461 1390 3533 Sed
1423 3461 1461 3532 in
1493 3463 1569 3552 lega
1597 3463 1771 3536 indicium
1805 3477 1839 3536 ct
1870 3464 1960 3534 iram
1993 3483 2075 3530 vere

60 3561 278 3654 aenigmatum
299 3561 424 3634 similis
445 3575 515 3648 cst,
537 3575 600 3634 aut
620 3585 849 3636 numerorum
864 3563 1034 3648 Platonis,
1079 3563 1220 3655 agnosci
1237 3563 1368 3650 voluit,
1384 3563 1423 3632 in
1441 3566 1734 3659 promissionibus
1751 3565 1906 3657 conspici
1923 3564 2076 3632 immen-

61 3682 152 3734 sermo
166 3663 340 3738 coelestis.
391 3661 736 3758 Itaquesidoctrina
754 3665 954 3759 quaeritur,
969 3687 1034 3756 gu-
1080 3685 1154 3736 sam
1168 3665 1363 3737 bonitatem
1383 3667 1725 3738 etmisericordiama
1750 3689 1837 3760 quas
1851 3661 1944 3736 hanc
1960 3663 2074 3756 ipsam

59 3760 217 3852 bernatria
233 3767 347 3852 vitae,
371 3778 465 3836 certa
483 3777 518 3844 et
533 3766 632 3847 firma
647 3782 885 3858 proponatur,
901 3767 1034 3838 relictis
1080 3767 1127 3838 ob
1159 3789 1298 3838 causam
1324 3769 1505 3859 patefecit,
1538 3781 1718 3842 netotum
1743 3791 1854 3859 genus
1877 3763 2100 3856 humanata,

59 3862 113 3934 illis
132 3861 358 3962 labyrinthis.
415 3861 590 3941 Novimus
614 3866 724 3956 igitur
745 3869 937 3962 quosdam,
961 3867 1035 3961 qui,
1081 3867 1226 3964 periret:
1252 3893 1293 3940 ac
1306 3869 1422 3940 voluit
1437 3883 1559 3941 notam
1576 3893 1649 3941 esse
1669 3893 1769 3941 snam
1784 3871 2004 3940 voluntatem
2030 3867 2076 3934 de

58 3987 179 4054 prorsus
198 3967 350 4040 abiectis
375 3966 479 4038 libris
500 3963 758 4059 Prophetarum
784 3981 820 4040 et
844 3964 1035 4061 Apostolo·
1081 3971 1273 4040 mediatore
1296 3971 1390 4055 filio,
1416 3973 1460 4042 de
1476 3972 1783 4055 reconciliatione,
1808 3973 1853 4044 de
1869 3969 2077 4044 remissione

61 4087 138 4154 mn,
158 4069 198 4142 in
212 4070 356 4162 templis
372 4070 419 4139 ad
436 4069 585 4140 verbum
606 4071 821 4142 enarrabant
833 4065 1036 4143 Aristotelis
1081 4085 1320 4164 peccatorum,
1361 4075 1404 4144 de
1426 4087 1577 4144 venturo
1603 4075 1755 4161 iudicio,
1785 4075 1830 4145 de
1852 4070 2078 4144 restitutione

58 4161 170 4260 ethica,
192 4184 230 4244 et
251 4193 365 4263 pauca
385 4171 431 4242 de
453 4169 663 4242 ceremoniis
678 4171 873 4257 addebant,
895 4184 1034 4265 sumpta
1080 4174 1175 4244 vitae
1189 4187 1362 4247 aeternae.
1413 4171 1504 4244 Cum
1521 4177 1558 4246 in
1576 4172 1696 4248 schola
1711 4177 1884 4269 interpres
1907 4174 1992 4245 artis
2008 4173 2077 4242 ali-

59 4271 357 4353 asonsnetndine,
382 4293 530 4366 amque
550 4271 703 4342 docendi
725 4272 876 4343 formam
898 4273 1036 4346 iudica-
1081 4274 1181 4346 cuius
1204 4276 1353 4346 obscure
1379 4277 1501 4364 docet,
1535 4294 1596 4350 aaut
1624 4279 1755 4370 spargit
1779 4279 1946 4367 ambigue
1970 4274 2077 4354 dicta,

57 4367 365 4448 uetustissimam
387 4395 472 4447 esse.
503 4371 601 4444 Haec
616 4387 868 4465 exaggerantur
881 4397 1036 4446 comme
1081 4375 1302 4447 desideratur
1317 4378 1355 4447 in
1372 4379 1519 4450 docente
1533 4381 1588 4449 vel
1611 4379 1765 4451 eruditio
1783 4379 1839 4450 vel
1854 4379 1952 4452 fides.
2001 4373 2076 4446 Nec

57 4476 234 4548 moratione
248 4469 478 4546 horribilium
492 4473 744 4560 certaminum,
763 4499 853 4569 quae
868 4475 1035 4548 omnibus
1081 4477 1233 4548 dubium
1256 4493 1325 4566 est,
1359 4480 1533 4571 sapientes
1557 4493 1589 4550 et
1615 4481 1734 4553 fideles
1755 4483 1918 4552 doctores
1940 4479 2077 4572 praeci-

57 4578 208 4648 sccubsin
215 4574 378 4650 Ecclesia
390 4576 596 4647 extiterunt:
613 4577 748 4670 quaesi
764 4601 839 4648 non
854 4591 943 4649 esset
959 4603 1036 4650 am-
1079 4603 1151 4674 pue
1171 4578 1209 4648 in
1226 4574 1318 4650 hanc
1338 4605 1457 4652 curam
1481 4583 1706 4670 incumbere,
1730 4595 1772 4654 ut
1786 4582 1991 4676 planissime
2010 4583 2078 4651 do·

58 4673 163 4766 bigerus
175 4701 295 4750 sermo
312 4678 473 4760 divinus,
499 4677 587 4748 oriri
603 4701 677 4746 nou
692 4678 847 4769 potuisse
858 4679 1034 4755 videntur.
1081 4694 1183 4752 ceant
1197 4693 1233 4752 et
1247 4683 1389 4754 tradant
1402 4697 1531 4753 certam
1552 4699 1586 4754 et
1601 4685 1703 4778 quasi
1718 4685 1822 4758 metis
1839 4709 1879 4758 ac
1891 4684 1998 4776 septis
2015 4683 2076 4752 in-

56 4772 520 4872 Cnrlitigatl’aulusdelegis
536 4801 602 4850 usu
615 4803 695 4850 cum
704 4775 915 4864 Pharisaeis,
932 4783 1034 4852 sier·
1080 4783 1213 4853 clusam
1229 4784 1447 4866 doctrinam,
1476 4810 1519 4854 ne
1543 4787 1752 4878 ambiguitas
1773 4811 1928 4860 errorem
1953 4785 2077 4876 pariat·

57 4899 152 4964 pressa
165 4895 217 4954 est
233 4883 357 4953 eadern
372 4879 532 4952 doctrina
548 4879 585 4948 in
602 4881 830 4951 concionibus
838 4877 1035 4974 Propheta·
1079 4881 1161 4954 Nou
1190 4897 1303 4974 potest
1322 4899 1439 4956 atatem
1464 4885 1539 4958 Deo
1567 4889 1677 4960 tribui
1699 4891 1853 4962 inscitia:
1886 4886 2076 4981 potestdi-

57 4981 134 5048 mm?
156 4980 510 5068 CurSamosatenus,
532 4975 644 5052 Arius
657 4995 692 5051 et
706 4983 767 5052 alii
782 4997 925 5055 movent
941 4985 1033 5056 bella
1079 4999 1170 5055 serte
1185 4985 1319 5072 dicere,
1345 5011 1435 5078 qnae
1458 4989 1602 5080 cogitat,
1629 5003 1759 5064 etcum
1783 4991 1954 5061 immensa
1970 4989 2077 5058 mise·
2113 5027 2115 5032 ,

58 5079 256 5170 deflioDei,
270 5079 409 5158 sinihil
423 5097 474 5156 cst
490 5083 715 5154 obscuritatis
731 5078 773 5153 in'
786 5081 1034 5179 scriptisApo-
1079 5086 1231 5156 ricerdis
1252 5091 1390 5178 generis
1413 5085 1559 5160 hnmani
1583 5094 1809 5178 adficeretur,
1840 5091 1956 5164 voluit
1982 5105 2075 5160 certe

60 5181 236 5256 stolorum?
1079 5189 1338 5260 consolationes
1364 5215 1435 5261 non
1459 5193 1641 5282 ambiguas
1656 5217 1740 5266 esse.
1791 5192 1940 5284 Quoties
1958 5189 2076 5264 Abra-

138 5284 206 5358 Sed
224 5281 282 5358 his
296 5286 514 5376 argumentis
529 5286 633 5358 initio
648 5309 792 5377 oppono
814 5287 951 5358 illustre
973 5311 1034 5358 er-
1078 5283 1224 5360 hamum
1248 5315 1353 5386 quarn
1379 5295 1510 5364 blande
1532 5295 1747 5391 alloquitur,
1772 5297 1910 5393 quoties
1935 5297 2076 5366 easdem

60 5385 210 5477 emplum,
235 5391 332 5484 quod
354 5389 527 5471 ostendit,
551 5388 740 5498 certamina
764 5411 837 5460 non
854 5411 1033 5482 sempera
1079 5391 1337 5468 consolationes
1360 5397 1506 5492 repetit,
1539 5411 1579 5470 ut
1605 5411 1640 5472 et
1662 5397 1780 5495 ipsum
1798 5413 1841 5474 'et
1873 5399 2076 5473 universam
