4616 5812
68 237 133 316 sot
258 219 262 226 ’
635 223 1075 310 natsrooanun
1127 225 1332 306 ttnxt
1383 229 1517 306 raso.
2019 229 2096 304 sto

69 417 181 480 stanter
201 401 241 472 in
271 397 474 473 ministerio
498 409 620 472 nostro
648 399 793 472 nemine
823 392 1048 492 prohibente,
1094 399 1182 490 gicia
1195 401 1329 474 similes
1345 423 1430 472 esse.
1480 397 1638 496 ldqne⁴)
1654 421 1792 493 semper
1806 399 1845 470 in
1862 397 2091 472 deliberatio·

67 505 325 582 scclamantibus
348 501 535 588 omnibus3
573 525 657 574 uam
685 503 847 576 omnium
868 521 941 574 una
961 525 1048 574 vox:
1094 503 1246 576 uibnsa
1275 503 1381 576 nobis
1403 501 1539 574 dicturo
1563 515 1633 588 est,
1665 514 1701 572 et
1722 513 1927 574 constanter
1953 501 2088 572 dictum

67 627 266 706 pugnemus,
287 619 351 682 atat
373 607 466 676 cene
490 604 689 676 moriamur
709 627 775 697 pro
796 605 871 696 lege
885 616 920 676 et
933 621 1048 694 grege,
1094 619 1157 682 est.
1212 605 1272 680 llli
1290 620 1428 688 autem,
1462 605 1524 700 qni
1545 603 1734 676 articulum
1755 605 1801 674 de
1825 603 1905 674 oleo
1927 601 2088 674 inseme-

66 711 222 785 moriatur
243 705 362 778 anima
378 719 498 777 nostra
515 721 627 782 morte
643 705 829 778 iustorum.
1093 721 1197 793 runt,
1225 708 1353 800 corrigi
1376 701 1508 801 haec⁸)
1536 707 1719 792 dicebant,
1751 705 1835 802 quia
1855 705 2087 776 addiderunt:

153 809 325 904 Cuperem
338 805 639 903 Homburgenses
655 821 772 900 patres
789 806 1047 878 cessarearira
1093 807 1240 880 remotis
1253 805 1423 880 omnibus
1436 805 1769 906 superstitionibus.
1819 805 1868 880 Et
1886 808 1926 878 in
1947 809 2018 880 bne
2032 807 2089 880 di-

66 917 102 988 de
121 915 286 985 descensu
307 906 444 982 Christi
468 913 512 980 ad
537 912 686 995 inlesos,
712 911 757 982 de
778 933 850 1002 qno
870 923 968 981 tuam
985 931 1047 980 ex·
1092 925 1182 984 serte
1199 912 1350 992 dicitur,
1375 905 1576 1009 reliquos⁸)
1590 933 1663 982 esse
1678 910 1817 1004 aliquos
1832 911 1999 984 articulos
2013 935 2086 984 non

63 1012 394 1112 pectos‘ententiam,
418 1023 459 1083 ut
474 1013 519 1080 de
535 1035 594 1098 eo,
619 1015 716 1108 quod
732 1035 849 1102 nuper
861 1006 982 1101 rogavi
1004 1033 1046 1080 ex
1092 1013 1319 1100 conciliatos,
1350 1013 1396 1082 de
1420 1013 1649 1106 quibuscum
1672 1009 1860 1110 Episcopis
1882 1013 2084 1084 deliberan-

63 1117 248 1190 obiectione
279 1111 582 1197 adversariorum,
622 1115 683 1209 qui
716 1113 851 1186 scilicet
880 1113 958 1198 liet,
994 1123 1045 1199 ut,
1091 1117 1179 1188 dum
1200 1115 1266 1202 sit,
1297 1115 1328 1186 si
1353 1109 1417 1184 has
1437 1112 1614 1186 Ecclesiae
1636 1115 1749 1186 velint
1772 1137 1904 1205 regere.
1963 1111 2006 1186 ln
2028 1111 2086 1186 bis

61 1245 157 1316 quum
171 1213 383 1292 haberemus
395 1237 472 1286 uon
486 1227 625 1287 tantum
639 1215 884 1309 imputativam
892 1215 938 1284 ab
946 1210 1045 1284 Ada·
1091 1219 1252 1288 noudum
1271 1215 1467 1288 conciliatis
1490 1215 1647 1287 articulis
1672 1215 1852 1286 numerari
1872 1239 2012 1312 necesse
2033 1231 2084 1288 est

61 1349 110 1394 mo
132 1318 163 1394 el
184 1321 301 1392 labem
323 1331 358 1388 et
377 1318 659 1402 damnationem,
705 1317 886 1412 quomodo
908 1339 983 1386 non
1005 1317 1044 1386 in
1090 1331 1125 1390 et
1142 1319 1222 1388 illas
1239 1319 1543 1390 consecrationum
1565 1331 1600 1390 et
1612 1319 1821 1389 unctionum
1840 1317 2085 1394 absurditates.

60 1419 188 1496 mutuo
212 1421 317 1494 etiam
341 1429 480 1511 praeter
509 1418 755 1512 imputativam
779 1413 971 1489 babeamus
991 1432 1045 1488 ta·
1093 1415 1386 1515 intelligantur⁷)
1411 1441 1493 1508 ergo
1516 1443 1590 1488 non
1615 1413 1930 1515 comprobatae⁸),
1956 1424 2016 1490 sed
2039 1423 2083 1490 ad

61 1527 120 1597 lem
144 1523 316 1596 iustitiam
340 1517 584 1592 inhaerentem
618 1531 654 1592 et
678 1519 896 1610 personalem
917 1523 960 1588 ad
989 1519 1045 1588 vi·
1091 1521 1188 1592 illam
1203 1521 1495 1594 deliberationem
1510 1515 1714 1614 reiectae⁰).
1764 1518 1833 1592 Sed
1851 1522 1996 1594 decebat
2011 1547 2084 1594 csse

59 1641 140 1714 mm,
163 1626 305 1724 qualem
321 1623 365 1694 ad
379 1632 542 1693 mortem.
595 1620 764 1712 intelligit
780 1619 970 1694 Pietastna
985 1645 1043 1691 ar·
1090 1624 1201 1714 magis
1231 1623 1422 1716 ingenuam
1455 1623 1671 1708 orationem,
1708 1619 1904 1716 dicetis²⁰).
1963 1623 2084 1720 Stylus

59 1741 273 1822 gementum,
305 1725 401 1820 quod
425 1747 488 1814 ego
512 1725 633 1808 solvo,
659 1725 719 1793 sed
736 1745 810 1794 non
825 1723 986 1816 expedite
1008 1735 1044 1794 et
1089 1725 1238 1812 iudicat,
1263 1749 1338 1796 non
1362 1747 1436 1798 esse
1458 1725 1520 1796 illa
1540 1726 1669 1816 scripta
1687 1721 1739 1795 ab
1760 1747 1848 1798 uuo.
1897 1721 1990 1809 Nos,
2015 1728 2082 1797 deo

58 1829 237 1922 categorico
258 1827 356 1899 iuxta
378 1827 528 1916 regulas.
580 1824 639 1912 ld,
668 1825 721 1894 'mi
740 1825 877 1910 anime,
902 1847 1042 1918 quaeso,
1088 1827 1250 1910 iuvante,
1276 1823 1398 1898 vocem
1416 1823 1604 1918 Evangelii
1624 1819 1921 1920 incorruptam¹¹)
1940 1827 2084 1898 doeebi·
2152 1875 2153 1881 κ

58 1947 91 2003 ut
112 1927 199 2002 mihi
223 1929 433 2021 simpliciter
454 1948 625 2020 exponas,
658 1951 733 1998 uon
754 1929 849 2023 quod
871 1927 1042 2012 dubitem,
1088 1953 1180 2014 mus,
1193 1943 1227 2000 et
1242 1930 1281 2000 in
1297 1942 1418 2000 nostra
1433 1927 1653 1998 consessione
1669 1949 1805 2018 semper
1818 1927 2082 2022 sonabimus¹²).

59 2037 107 2105 sed
146 2033 293 2104 nodare
311 2056 365 2102 me
384 2032 561 2102 destituat.
1087 2029 1246 2120 Pegellas
1262 2030 1511 2103 vesuasvobis
1528 2031 1684 2103 remitto.
1732 2027 1830 2099 Bene
1844 2029 1969 2104 valete.
2015 2029 2083 2102 Die

179 2127 382 2204 cluniensis
402 2153 519 2202 novus
540 2131 763 2222 perturbabit
779 2131 898 2200 omnia
920 2131 960 2198 in
977 2151 1041 2200 sua
1091 2127 1394 2230 ld.1auuarii¹³).

57 2239 209 2308 dioecesis
249 2256 355 2310 nemo
380 2233 456 2305 illic
481 2233 612 2302 mansit
636 2233 675 2302 in
707 2232 790 2302 idei
823 2231 1041 2304 consessione

56 2351 180 2432 practer
203 2338 317 2410 tinum
344 2337 500 2407 nobilem
522 2335 707 2404 domiuum
723 2329 767 2404 ds
780 2329 893 2408 Hiils.
945 2325 1039 2404 Fri-

55 2437 114 2510 siis
134 2439 366 2514 orientalibus
389 2439 547 2508 minatur
569 2434 713 2506 Caesar:
753 2431 886 2506 babent
908 2435 1040 2526 legatos
1195 2489 1218 2562 4

56 2538 176 2614 inaula
193 2555 339 2639 propter
355 2535 532 2626 Interim,
557 2539 617 2608 sed
633 2531 944 2630 nihilimpetrant.
985 2533 1039 2606 De
1085 2490 1283 2618 w·
1946 2494 2080 2616 Q

57 2643 116 2714 alio
138 2643 278 2715 luditur
300 2643 409 2713 corio.
459 2639 531 2712 Sed
553 2641 685 2710 cadunt
707 2638 820 2713 multa
843 2639 989 2712 interos
1004 2652 1039 2710 et
1257 2673 1452 2792 ammo
1472 2671 1625 2761 Pri-m·
1638 2671 1911 2764 Amnum

57 2747 159 2821 offam.
185 2756 201 2775 '·
213 2741 314 2816 Vale.

1154 2835 1220 2893 Mel.
1242 2835 1335 2893 relect.
1355 2855 1370 2889 e
1389 2836 1433 2894 ist.
1451 2853 1479 2906 p.
1499 2835 1560 2890 279.
1593 2833 1698 2890 iteruri
1710 2834 1795 2908 Epist.
1807 2834 1854 2891 lib.
1867 2841 1889 2892 1.
1906 2855 1933 2910 p.
1950 2839 2008 2892 tot.
2025 2841 2081 2906 (ed.

1186 2905 1276 2963 Lond.
1296 2855 1388 2988 libb
1415 2924 1457 2977 ep.
1479 2907 1548 2966 on).
1589 2903 1776 2976 Apogrspbon
1793 2919 1858 2960 ctam
1881 2905 2081 2984 exsultassent

1188 2991 1356 3029 contentens
1370 2973 1399 3030 iu
1413 2985 1496 3030 uasto.
1511 2971 1652 3028 Manliano
1669 2991 1696 3044 p.
1713 2973 1771 3031 111.

65 3159 254 3238 Notene.
902 3169 959 3232 13.
971 3148 1037 3222 lm.
1217 3127 1273 3207 D.
1299 3125 1477 3227 Georgi
1484 3155 1505 3201 o
1529 3123 1700 3232 Principi
1717 3125 1940 3206 Anisuldinc

63 3257 264 3299 w
867 3247 1038 3281 Μ
1290 3277 1299 3295 .

1084 3263 1134 3352 S.
1163 3275 1209 3350 D.
1261 3276 1301 3350 Sr
1321 3300 1432 3376 genus
1458 3271 1655 3346 humanum
1680 3301 1760 3346 casu
1777 3291 1838 3348 aut
1855 3291 1993 3350 tantum
2018 3306 2083 3352 nn-

195 3343 573 3464 Spfflyellbssl'yw
597 3354 644 3428 et
674 3343 872 3461 00118913·
1084 3397 1184 3452 turae
1199 3379 1335 3470 legibus
1350 3379 1426 3449 sine
1442 3379 1511 3450 Dei
1528 3371 1785 3470 gubernatione
1801 3395 1996 3470 regeretur,
2016 3407 2080 3454 uec

111 3503 144 3556 tn
160 3502 263 3560 Multi
284 3505 385 3585 imag.
405 3499 462 3554 tiss
482 3502 521 3566 Α)
534 3520 563 3572 p.
582 3497 868 3574 15⁷.,estt)p.tts.
885 3527 921 3542 -
956 3499 980 3551 Α
1002 3513 1038 3550 o·
1083 3495 1219 3553 servata
1236 3495 1323 3550 esset
1337 3477 1493 3550 Ecclesia
1517 3493 1637 3560 autea,
1665 3505 1730 3550 nec
1743 3481 1908 3572 deinceps
1924 3479 2081 3554 servare-

141 3573 245 3656 Μὴ*
260 3571 289 3625 ³¹¹
304 3569 444 3628 ⁸⁰³⁴⁶³⁶¹¹⁸
457 3567 592 3654 ⁶⁰¹¹¹2⁰³⁸
606 3571 649 3624 ¹⁹·
682 3614 689 3628 ·
707 3571 765 3633 ¹⁵··
783 3587 830 3624 ¹¹⁰·
843 3569 885 3625 ²⁸·
900 3570 956 3634 Μ
999 3565 1039 3634 δ’·
1084 3600 1142 3656 tur
1154 3583 1194 3652 in
1208 3597 1279 3654 tam
1293 3577 1481 3652 horrendis
1497 3581 1784 3668 confusionibus,
1805 3585 1866 3651 sed
1880 3583 2079 3656 firmissima

141 3659 173 3696 ln
184 3641 248 3696 ‘fids
265 3641 331 3701 Ba,
346 3640 380 3697 ut
399 3658 427 3710 p.
444 3640 485 3696 ιι
498 3647 526 3694 eh
538 3657 566 3694 1.
580 3640 643 3698 ‘ode
692 3639 753 3698 ehu·
767 3637 803 3692 ΙΙ·
814 3657 842 3709 Pa
852 3635 936 3694 ubba
1559 3683 1567 3701 ι
1587 3681 1596 3700 e
1724 3681 1732 3700 e
1820 3684 1829 3699 ι
1990 3685 1998 3702 .

318 3731 324 3740 ·
1083 3685 1152 3758 fide
1162 3697 1366 3768 statuamus,
1381 3679 1732 3776 semperFrlrumDet
1746 3681 1923 3774 colligere,
1940 3697 1973 3756 et
1989 3701 2081 3756 mter

54 3778 275 3877 bremide,
288 3791 401 3879 viria,
428 3787 629 3869 eruditione
649 3801 681 3863 et
700 3790 828 3862 virtute
838 3802 1038 3891 praestan·
1084 3787 1243 3880 ingentes
1258 3785 1430 3878 procellas
1447 3809 1486 3854 ac
1503 3784 1675 3856 tumultus
1694 3781 1926 3876 lmperiorum
1942 3811 2082 3858 servare

53 3893 155 3982 edus,
203 3895 260 3974 D.
300 3884 517 3968 Iohanni
548 3889 955 3991 Spangenbergio,
1005 3901 1038 3965 et
1083 3889 1238 3982 aliquem
1261 3885 1572 3980 coetum,inquo
1594 3885 1688 3955 lucet
1710 3883 1945 3976 agnitioDei,
1971 3903 2005 3960 et
2029 3889 2081 3960 ibi

54 3997 240 4097 collegis
274 3995 538 4092 ministerii
569 4004 617 4066 in
653 3993 856 4084 latebas,
906 3993 1038 4067 amicis
1083 3991 1228 4086 quidem
1245 4011 1401 4071 servare,
1422 3985 1485 4057 ubi
1500 3985 1690 4056 mediocria
1714 3999 1799 4057 sunt
1815 3989 1932 4060 studia
1946 3991 2080 4062 doctri-

220 4087 235 4100 '¹
370 4099 451 4171 surb
469 4094 725 4186 charissimis,
1083 4117 1149 4164 nae
1163 4089 1276 4162 a'Deo
1291 4089 1458 4160 traditae:
1483 4087 1534 4156 sic
1550 4087 1668 4182 inquit
1685 4087 1971 4181 ipseFiliusDei,
1997 4089 2080 4164 Ero

52 4237 91 4323 s,
110 4252 153 4330 D·
204 4247 494 4325 pmmmdhffi
510 4247 658 4324 etamffci
674 4244 884 4324 thamim
922 4244 1037 4340 Opta·
1085 4189 1267 4262 vobbcum
1293 4211 1405 4288 usque
1421 4181 1478 4258 ad
1490 4187 1836 4266 consummationem
1857 4189 1981 4266 seculi.
2033 4189 2080 4267 Et

53 4355 111 4422 rim
131 4359 176 4424 ad
196 4369 268 4424 nas
287 4353 435 4423 mum
457 4375 533 4422 esse
556 4351 711 4445 aliquem
738 4375 778 4422 er
800 4347 949 4439 collegio
977 4373 1038 4420 ve-

52 4451 172 4550 stro²),
196 4456 396 4529 otricum
409 4469 520 4526 totam
542 4454 668 4523 seriem
689 4453 868 4525 actionum
892 4451 1036 4522 illarum

53 4553 265 4648 amma)
286 4557 500 4648 pompm,
530 4558 575 4626 de
598 4555 728 4650 quibu,
749 4553 914 4627 mehgi„
964 4552 1033 4626 sed
1115 4542 1507 4616 constituentem
1526 4545 1951 4614 solemnissimam.

53 4658 116 4748 ipss
135 4661 227 4731 suta
240 4658 348 4730 nobie
368 4658 467 4728 tetus
487 4679 564 4728 esse
579 4667 721 4748 'potest,
745 4656 849 4728 nobis
862 4679 937 4726 non
951 4678 1035 4747 pro-
1112 4632 1144 4778 2}
1160 4629 1568 4772 ffis'tlffigigrnffl
1583 4633 1631 4686 ⁸¹¹⁶·

53 4761 206 4832 mim
227 4762 402 4836 mmmm
429 4777 504 4830 ω’
526 4759 716 4832 ”uitulum
738 4759 782 4828 de
808 4759 886 4828 ⁰¹⁸⁰
911 4770 947 4830 et
964 4779 1035 4828 Μ’
1113 4801 1142 4870 7)
1161 4795 1233 4860 eod.
1246 4799 1332 4875 nse„
1348 4799 1411 4857 cod.
1426 4799 1511 4856 Goth.
1527 4801 1567 4860 19.
1582 4811 1608 4856 et
1623 4801 1686 4857 cod.
1701 4799 1797 4862 bleba.
1820 4803 2025 4871 meentguamn

53 4861 230 4936 ctionibos.
289 4857 383 4954 Et')
403 4861 537 4932 sumus
563 4861 843 4932 consecrationes
863 4859 1036 4946 oleorum,
1113 4889 1142 4960 u)
1159 4885 1496 4954 morinummontem
1513 4888 1575 4946 eod.
1588 4887 1672 4944 Gon.
1688 4887 1731 4944 sn
1745 4889 1939 4956 sompnum.
1977 4889 1979 4894 ·

54 4985 131 5052 qnae
145 4965 327 5036 mesas-h
349 4962 453 5034 libris
465 4958 745 5056 Episcopomm,
769 4959 942 5053 impiaset
957 4983 1034 5030 ma-
1111 4973 1142 5044 9)
1160 4974 1231 5032 cod.
1247 4970 1332 5028 Gerr.
1345 4973 1390 5028 st.
1406 4973 1533 5030 resima

1116 5061 1159 5128 to)
1176 5055 1265 5112 Mani.
1279 5057 1314 5113 B.
1331 5059 1444 5121 ds'cerdn
1464 5058 1529 5112 eod.
1543 5058 1639 5118 Melan.
1659 5059 1804 5114 amn.

1115 5147 1158 5210 11)
1175 5138 1264 5197 Mani.
1282 5141 1318 5196 Α.
1336 5143 1503 5206 incompte.

81 5218 105 5285 1)
120 5215 208 5272 utut.
221 5217 256 5272 Α.
269 5215 383 5286 unqu
396 5216 504 5270 nunb-
1115 5228 1160 5294 12)
1179 5233 1208 5280 et
1220 5227 1250 5278 in
1264 5235 1364 5279 nostro
1377 5254 1410 5267 -
1426 5227 1591 5280 sanabimus
1607 5223 1693 5280 bisol.
1709 5225 1741 5282 Α.
1758 5241 1815 5280 noa
1829 5224 1918 5282 babet.

77 5301 106 5360 n
120 5299 683 5370 ιερωω]ω1.ι;οιιι.ιιηιοωινι.
1115 5311 1159 5385 rs)
1178 5309 1267 5369 cosa.
1282 5311 1403 5367 essunt:
1424 5311 1516 5379 ress..
1535 5320 1561 5369 u
1578 5310 1641 5366 eos.
1660 5306 1744 5365 corr.
1761 5309 1803 5366 ts.
1825 5309 1905 5368 assu
1921 5318 1950 5369 s.
1963 5315 2011 5374 rs.
2025 5315 2076 5369 n-

81 5384 106 5452 1)
120 5385 187 5448 cst
203 5385 289 5444 Goth.
301 5385 343 5444 ts.
360 5387 430 5444 See.
768 5439 774 5449 ,
1149 5382 1259 5527 '¹¹3¹'ss

1096 4461 1305 4480 m

52 5131 258 5152 w

1083 4289 1262 4365 Irenaeus
1286 4293 1420 4387 inquit:
1447 4285 1597 4390 Semper
1616 4286 1745 4390 adsuit
1767 4291 1896 4388 generi
1913 4289 2079 4374 humano
2194 4353 2204 4364 .
