4684 5802
82 219 171 296 toas
639 202 1073 298 BPlSTOLAllUM

81 385 473 470 attestationum,
496 386 556 458 sed
571 377 821 484 uovpotuyiou
834 394 955 454 umen
967 377 1063 448 mut-

81 505 189 574 torum
211 501 344 559 metuo.
392 483 471 561 Etsi
487 499 604 559 autem
619 512 659 558 ea
674 487 749 558 lues
762 485 895 579 ubique
907 493 1066 571 regatur,

79 607 189 662 tamen
208 589 336 662 usitata
355 588 496 660 facilius
515 589 680 674 terimus,
711 601 753 658 ut
777 610 839 656 vos
855 581 990 662 Medici
1008 581 1066 650 di-

81 693 164 766 citis.
223 686 272 764 Et
290 682 408 762 aditu
432 685 544 764 aaut
567 686 730 783 πολέμου
754 689 834 779 plus
861 705 1066 756 sermonum

80 795 242 864 adferent·
291 787 494 864 Hearicum
508 791 575 880 tibi
595 793 816 863 commendo.
867 785 965 858 Bene
979 785 1068 870 vale,

80 895 133 966 die
148 893 255 967 natali
272 905 352 966 tuae
368 892 538 982 coniugis.

79 1315 266 1444 Q.

890 1405 1062 1436 Μ

401 1519 458 1606 Β.
486 1517 726 1607 Mitltodio.

142 1701 226 1776 Epist.
245 1701 293 1758 tib.
306 1699 340 1760 ii.
358 1717 385 1772 p.
397 1697 458 1755 849.
475 1698 531 1768 (ed.
544 1695 634 1752 Laud.
652 1693 700 1750 lib.
714 1693 752 1749 il.
769 1711 814 1766 cp.
827 1692 910 1764 aab).

264 1871 320 1950 D.
344 1853 595 1944 Bureordo
625 1858 879 1968 Mitbobio

79 2029 125 2114 S·
152 2043 200 2114 D.
250 2037 461 2111 Ductissime
482 2037 538 2106 vir
554 2049 588 2105 et
603 2035 714 2104 antica
730 2029 873 2103 chariss.
924 2030 1070 2103 Utinam

78 2143 220 2215 salutari
251 2139 488 2212 admonitioni
520 2151 601 2208 tuae
622 2133 806 2226 Principes
832 2133 1092 2224 obtemperas·¹

79 2263 170 2330 seut,
199 2268 264 2314 uec
282 2243 418 2312 bellum
435 2239 570 2333 patriae
586 2251 622 2308 at
640 2236 724 2326 ipsis
738 2234 976 2326 periculosum
993 2258 1072 2304 mo-

79 2347 219 2418 vissent.
268 2342 461 2438 Postquam
483 2343 526 2412 de
548 2337 815 2410 conditionibus
837 2335 931 2428 pacis
951 2335 1016 2406 diu
1031 2335 1071 2406 iu

79 2447 277 2519 continente
307 2439 489 2516 Danubii
515 2454 551 2512 et
582 2431 681 2510 Ocni
693 2431 731 2534 *)
765 2437 981 2530 disputatum
1008 2451 1071 2518 est,

78 2541 152 2622 Rex
173 2537 444 2619 Fordiauudus
468 2543 541 2636 ipse
563 2541 724 2614 celeriter
746 2541 792 2610 ad
821 2537 964 2610 tratrem
987 2559 1071 2630 pro-

78 2653 185 2722 iectus
210 2661 280 2736 est,
312 2661 354 2720 ιιι
374 2646 488 2718 flectat
513 2667 594 2714 eum
617 2645 661 2714 ad
691 2665 823 2744 pacem.
875 2638 944 2712 Sed
970 2639 1072 2710 aiunt

100 2753 215 2822 iacarc
236 2775 316 2822 eum
340 2773 418 2821 ιιοιι
439 2769 550 2840 posse.
615 2740 772 2816 Oramus
795 2755 912 2816 autem
937 2737 1071 2812 Filium

78 2777 161 2939 iter,
191 2867 233 2925 ιιι
255 2851 329 2944 ipse
344 2843 409 2920 has
422 2870 554 2944 poenas
570 2845 690 2922 leniat.
742 2837 785 2916 ln
800 2843 932 2936 oppido
948 2855 1070 2914 nostro

80 2943 236 3045 contagia
258 2952 327 3024 luis
342 2952 462 3042 vagari
475 2963 679 3042 coeperunt.
729 2943 814 3016 ideo
833 2959 867 3018 et
881 2937 1071 3014 Dedaliu-

80 3049 145 3130 dus
168 3055 208 3126 in
229 3049 442 3125 Saxonicum
462 3049 631 3124 discessit.
688 3039 767 3118 Etsi
787 3059 905 3118 autem
928 3045 1072 3136 exiguae

79 3157 248 3254 reliquiae
280 3153 492 3226 Academiae
523 3151 691 3222 secedunt
720 3141 908 3244 Torgum,
952 3159 1071 3218 tamen

79 3263 168 3330 suasi
194 3257 268 3328 filio
287 3253 454 3340 Hectori,
478 3267 520 3326 ut
541 3266 634 3322 recta
655 3251 758 3335 adtc
781 3249 1071 3344 proficisceretur,

78 3359 245 3432 acDeum
266 3384 329 3430 oro
345 3373 385 3430 ut
400 3380 481 3428 eum
496 3353 669 3424 custodiat
683 3365 717 3424 et
732 3365 839 3446 regat.
891 3343 995 3422 Valet
1014 3349 1071 3420 in·
1178 3431 1180 3436 ,

79 3465 177 3554 genio
205 3474 239 3532 et
258 3459 452 3532 instructus
474 3469 526 3526 cst
539 3453 764 3526 mediocriter
782 3451 999 3538 eruditione,
1024 3465 1070 3533 ct,

78 3582 114 3636 ut
145 3587 249 3658 spero
280 3575 375 3634 aetas
401 3573 436 3632 et
463 3556 660 3627 reverentia
685 3555 754 3638 tui,
791 3554 1069 3626 moderationem

78 3665 187 3736 animi
218 3665 388 3736 adferent.
447 3653 518 3730 Hic
550 3651 697 3728 luneste
729 3653 826 3732 vixit.
885 3651 993 3740 iussi,
1029 3667 1070 3726 ut

77 3759 228 3838 'solveret
249 3790 314 3858 pro
338 3783 478 3842 mensa,
511 3771 546 3829 ct
566 3751 712 3832 haberet
728 3757 916 3839 viaticum,
946 3753 1022 3830 dari
1038 3755 1070 3824 ei

79 3893 133 3940 sex
152 3862 384 3942 loaehimicos
406 3857 662 3952 aBibliopola,
696 3862 792 3956 quod
817 3881 918 3952 spero
935 3855 1069 3956 telboni

75 3968 320 4050 'consulturum
340 3989 425 4040 esse.
475 3958 583 4034 Mitto
606 3961 672 4032 tibi
697 3961 892 4034 orationem
911 3959 954 4030 dc
969 3945 1071 4054 Cup-

79 4071 205 4161 uiuae,
238 4058 499 4142 illustrissimae
514 4059 675 4155 Principi
696 4059 829 4134 librum
847 4065 891 4132 de
905 4055 1071 4142 Ecclesiis

72 4169 238 4246 'Ducatas¹
250 4161 599 4265 Mecdeldergeusia
649 4161 746 4236 Rene
769 4177 802 4234 et
817 4159 967 4239 feliciter
984 4162 1070 4232 vale.

78 4272 141 4346 Ibe
158 4257 328 4375 talantii.
459 4325 465 4344 .

1123 203 1228 280 utu.
1261 203 1370 294 ιιι,
1398 203 1525 292 raas
1965 147 1967 154 ’
2011 203 2109 290 sust

1183 399 1220 408 ··
1279 401 1284 412 ·
1343 365 1847 484 DuuidiCltytrocu.

1117 499 1166 596 S.
1192 522 1237 595 u.
1289 521 1740 596 uoatsameaaaesme
1755 517 1886 595 uasta.
1925 519 2019 594 cum
2033 523 2107 592 uta

1117 625 1296 694 stimarem
1320 625 1365 700 D.
1387 621 1577 697 Ductorem
1602 619 1856 721 Iohannem¹)
1885 626 1956 695 iam
1986 627 2107 694 abesse

1118 727 1162 796 ab
1186 722 1396 806 Academia,
1422 743 1584 798 vocatum
1605 731 1649 798 ad
1671 729 1894 800 ecclesiarum
1918 725 2108 818 inspectio-

1119 851 1201 896 nem
1212 876 1222 910 ,
1249 823 1488 922 Typographo
1508 823 1625 899 isthuc
1636 831 1815 900 adserenti
1834 831 1942 898 libros
1956 827 2048 912 dixi,
2065 840 2106 898 ut
2211 871 2214 876 ·

1120 931 1163 998 ad
1180 941 1214 999 te
1230 931 1381 1009 accedat,
1402 955 1442 999 ac
1457 943 1572 999 tecum
1588 931 1770 1018 deliberet,
1792 955 1862 1024 quo
1879 931 2007 1000 deinde
2024 953 2106 1020 pru-

1113 1030 1344 1099 ¹ticiscendum
1359 1031 1422 1112 sit,
1448 1033 1492 1100 ad
1508 1031 1691 1118 aulamue,
1716 1057 1762 1102 an
1778 1025 2105 1105 ruodmannum.

1120 1116 1317 1202 Praestabis
1345 1132 1453 1222 igitur
1478 1127 1610 1222 hospiti
1643 1127 1728 1202 haec
1759 1135 1962 1203 communia
1992 1133 2107 1201 officia

1122 1231 1336 1322 Argonautis
1352 1245 1514 1324 praestat,
1533 1233 1675 1319 Τιὶιοιι,
1698 1227 1759 1306 oioi
1772 1259 1811 1305 τε
1827 1230 1942 1306 πολλὰ
1958 1229 2105 1327 ἄνδρω-

1121 1359 1182 1406 ποι
1199 1329 1401 1426 χατέουσιν
1422 1331 1474 1406 ἐπ’
1499 1331 1691 1429 ἀλλοδαπῇ
1714 1329 1935 1430 περόωντες,
1970 1331 2107 1429 ἐξερέω,

1122 1433 1233 1531 etc.²)
1282 1434 1431 1506 Librum
1450 1437 1638 1526 diligenter
1654 1437 1813 1526 relegite,
1839 1451 1874 1507 et
1897 1432 1987 1504 mihi
2012 1437 2106 1506 iudi·

1123 1537 1217 1607 cium
1239 1549 1394 1607 vestrum
1419 1537 1620 1627 significate.
1671 1533 1753 1607 Non
1780 1539 1886 1628 gigno
1907 1561 2000 1607 nova
2021 1531 2108 1626 dog.

1123 1652 1234 1720 mata,
1260 1639 1320 1708 sed
1337 1640 1549 1708 sententiam
1563 1635 1799 1710 Ecclesiarum
1822 1653 2023 1710 nostrarum
2047 1663 2108 1707 eu·

1123 1740 1182 1832 pio
1197 1741 1315 1810 verbis
1336 1741 1486 1809 maxime
1501 1741 1694 1833 perspicuis
1716 1753 1751 1812 et
1770 1739 1971 1810 illustribus
1983 1740 2110 1812 recita

1123 1867 1179 1924 re,
1205 1855 1241 1914 et
1257 1842 1395 1911 inculco
1408 1843 1559 1911 niaximc
1572 1842 1774 1914 necessaria.
1824 1837 1988 1930 Agnosco
2002 1841 2110 1925 enim,

1122 1965 1179 2010 me
1196 1943 1303 2012 tantis
1319 1943 1424 2013 rebus
1440 1967 1513 2012 ιιοιι
1529 1965 1601 2012 esse
1613 1967 1751 2036 parem,
1769 1956 1804 2014 at
1818 1957 1920 2036 opto,
1932 1941 2110 2012 ut'amun·

1124 2057 1177 2114 tec
1191 2045 1412 2114 conteramus
1426 2045 1574 2128 iudicia,
1596 2046 1686 2116 sicut
1707 2045 1876 2138 praecipit
1887 2069 1955 2114 vox
1976 2043 2110 2132 divina,

1123 2160 1162 2215 ιιι
1176 2144 1214 2212 ἱιι
1230 2141 1385 2214 Ecclesia
1409 2145 1481 2215 sint
1502 2145 1631 2215 iudicia
1651 2159 1684 2216 et
1700 2146 1779 2237 piae
1801 2144 2110 2215 commonefactio·

1123 2270 1195 2319 nes.
1229 2245 1367 2336 Flagito
1385 2245 1524 2336 igitura
1540 2247 1642 2317 vobis
1661 2243 1752 2316 hanc
1765 2247 2019 2317 sententiarum
2036 2247 2109 2316 outt-

1122 2347 1303 2422 lationem.
1352 2343 1472 2418 Audio
1491 2333 1670 2417 Corolum
1688 2343 1776 2439 lmp.
1796 2369 1870 2418 non
1892 2369 1994 2440 posse
2015 2347 2110 2415 flecti

1122 2451 1164 2519 ad
1182 2473 1312 2539 pacem.
1338 2446 1385 2518 Ει
1400 2448 1756 2520 nuncFrancotordia
1773 2449 1818 2518 ab
1830 2450 1984 2520 enereim
1991 2441 2109 2517 Mur-

1123 2544 1268 2621 clsionis
1291 2547 1437 2620 Alberts'
1456 2553 1570 2622 cincta
1591 2563 1653 2624 est.
1707 2548 1872 2622 Vastatur
1891 2551 2041 2635 vicinia,
2069 2563 2110 2620 nt

1122 2651 1209 2723 alibi
1226 2653 1354 2722 tactum
1373 2667 1434 2726 est.
1466 2645 1913 2747 AtticusThrasybutusin
1925 2651 2108 2724 liberanda

1122 2753 1237 2848 patria
1253 2751 1376 2824 mitior
1390 2753 1468 2828 suit.
1519 2751 1590 2826 Sed
1612 2775 1754 2823 memus
1771 2753 1885 2823 lilium
1904 2751 1971 2824 Dei
1995 2767 2034 2823 ut
2053 2775 2112 2822 ru-

1121 2857 1245 2927 stimat
1259 2856 1354 2946 piam
1375 2867 1408 2926 et
1430 2855 1617 2926 salutarem
1631 2875 1760 2946 pacem.
1812 2849 1967 2944 Expecto
1993 2853 2112 2948 qaroti—
2171 2849 2175 2860 '

1122 2959 1180 3027 die
1199 2959 1341 3027 airatre
1352 2981 1432 3026 meo
1448 2957 1578 3030 literas.
1629 2953 1762 3025 Missus
1776 2953 1827 3024 est
1843 2956 1938 3024 enim
1961 2955 2110 3026 tabella-

1121 3061 1196 3130 rius
1228 3055 1515 3148 Argentoratum.
1573 3055 1660 3126 Tibi
1698 3053 1903 3147 significabo
1940 3055 2110 3151 quicquid

1123 3161 1246 3234 scribit
1261 3151 1465 3258 ἀξιόλογον.
1516 3155 1613 3228 Beue
1630 3157 1707 3228 teate
1721 3173 1761 3252 et
1772 3157 1936 3234 rescribe.
1977 3158 2035 3227 die
2048 3156 2110 3232 20.

1122 3261 1218 3333 Iulii.

1728 3373 1731 3378 '
1860 3355 2060 3452 Philippus.

1961 3679 2020 3804 ao.
2034 3693 2095 3799 ta.

1935 3823 2106 3856 m

1123 3731 1190 3806 No.
1205 3727 1317 3806 5159.

1127 3829 1340 3868 “a

1438 3927 1506 4017 10.
1528 3849 1801 4046 Arter‘fudro.

1189 4109 1210 4172 f
1228 4104 1265 4159 Er
1276 4121 1370 4176 apogr.
1383 4101 1411 4155 in
1427 4099 1489 4156 cod·
1504 4097 1591 4155 Paris.
1611 4099 1646 4155 D.
1660 4100 1692 4159 L.
1709 4065 1775 4158 ⁵4⁸,

1380 4267 1848 4372 loouniAurisudro

1124 4399 1176 4502 S,
1201 4423 1246 4500 D.
1298 4423 1507 4504 Reverende
1532 4423 1588 4494 vir
1612 4435 1646 4495 ct
1661 4421 1841 4494 carissime
1860 4423 1979 4497 irater.
2030 4419 2110 4492 Pri-

1054 4529 1056 4532 ’
1123 4550 1221 4600 mum
1245 4542 1278 4600 te
1299 4552 1381 4612 oro,
1413 4520 1457 4600 ut·
1475 4525 1642 4596 editionis
1665 4548 1800 4594 moram
1824 4523 1913 4594 boni
1938 4523 2112 4608 consutas,

935 4699 1068 4772 adulat.

933 4793 1069 4829 ws-

111 5317 139 5389 *7
157 5315 242 5368 Peuc.
259 5273 338 5366 babet
358 5265 472 5392 liberata¹
488 5260 627 5358 mebdose.
672 5300 743 5354 Nam
759 5313 850 5355 armo
869 5307 908 5351 est
927 5297 960 5352 de
979 5307 1069 5352 baua-

143 5384 252 5444 ectioue
268 5381 446 5436 Pauarteose.

1124 4655 1213 4722 qaae
1230 4643 1346 4701 ιιιιιιιιιι
1363 4652 1439 4698 stou
1454 4627 1564 4716 longa
1582 4624 1662 4698 tuit.
1711 4621 1886 4699 Existimo
1906 4639 2028 4700 autem
2045 4627 2109 4712 ad-

1121 4733 1281 4804 iuturum
1298 4730 1391 4820 apud
1407 4751 1470 4800 vos
1485 4718 1762 4822 typographum,
1781 4727 1845 4820 qui
1858 4728 1970 4798 libros
1986 4726 2112 4809 adsere,

1122 4834 1239 4904 statim
1255 4845 1336 4924 post
1349 4828 1450 4902 initia
1466 4827 1693 4918 inspectionis
1705 4821 1955 4903 Ecclesiarum.
1994 4821 2109 4898 Dein-

1117 4937 1168 5006 de
1190 4960 1211 5005 a
1233 4948 1285 5019 te,
1317 4933 1395 5008 et'a
1416 4922 1568 5000 Doride
1589 4952 1630 5002 ac
1649 4929 1732 5003 aliis
1752 4928 1875 5000 amida
1898 4949 2111 5020 magnopere

1122 5078 1356 5126 ...ψ-...ὲκ

1158 5209 1185 5278 1)
1202 5211 1243 5266 lo.
1257 5205 1448 5262 Auriiabrnm.
1521 5197 1532 5222 ⁰

1155 5295 1186 5364 2)
1205 5291 1296 5366 Apoll.
1313 5276 1417 5364 Argon.
1434 5283 1580 5346 Midou.
1605 5283 1670 5342 vit.
1687 5285 1783 5346 eadem
1799 5289 1879 5345 veta
1898 5287 1927 5346 ia
1940 5305 2000 5363 epp.
2018 5289 2048 5346 d.
2068 5291 2110 5345 to.

1190 5364 1258 5435 Apr.
1272 5361 1366 5435 tw,
1386 5357 1414 5416 d.
1429 5361 1472 5415 to.
1484 5358 1562 5431 Sept.
1572 5355 1653 5415 taso.
