4654 5816
20 2 93 13 ...—

50 279 110 358 su
512 369 524 396 .
594 235 1035 396 uetsgoru'auu
1071 203 1312 340 assessu
1341 251 1497 338 tuso
1983 251 2060 332 sse
2134 217 2138 222 ’

48 448 211 584 Q.
370 495 373 504 ·
418 448 457 508 ·ἶ
513 487 520 496 ·
580 443 658 552 ἦῆ
756 441 762 452 ’
814 433 1017 534 (iesum.)
1066 425 2062 528 taccu-romsartsmmlnursastsmmausm-

466 579 469 587 ,
527 648 537 670 ι
839 541 1000 574 Μ
1068 544 1121 614 vis
1138 540 1358 634 estsspectio
1372 537 1822 658 naturaeintautsrerum
1840 529 2049 614 uarietate·

137 828 187 845 ..
331 646 444 840 rr·
470 645 764 838 Μ
930 823 938 840 ,
1066 632 2062 836 t:

101 831 168 884 ΕΜ·
179 847 207 884 ¹³
220 827 311 882 “⁰⁰¹⁸
325 823 405 880 ¹¹⁵⁰*
425 821 551 880 estella·
564 825 717 894 Aesopum
729 825 862 896 questam
880 833 1002 880 nossem
1066 871 1133 918 nos
1147 847 1217 918 fuit
1230 846 1371 926 fabulis,
1394 843 1431 912 id
1448 859 1510 928 est,¹
1533 840 1747 932 imaginibus
1760 840 1949 918 iliiwilte·
1980 835 2060 911 lm

128 909 153 952 et
170 893 311 954 isssholis
331 895 492 952 ostuus-
508 911 524 960 s
542 893 638 950 soom
648 893 825 950 maccio.
850 862 1014 966 Liparaei
1530 944 1539 964 ,
1686 943 1695 960 .
1905 941 1915 960 .
1969 942 1978 960 .
2031 941 2041 960 .

126 969 151 1023 e,
300 985 303 993 ·
1067 963 1102 1020 et
1118 951 1205 1020 dens
1224 950 1352 1018 multas
1375 969 1430 1015 rss
1447 962 1617 1014 maximas
1632 943 1765 1014 talibus
1786 956 1935 1034 psctnrrs
1948 963 2061 1032 ugos*
2110 979 2119 988 ·

48 1091 509 1203 PhilippusMslanchlison
525 1087 1016 1196 ChrislopisoroCzig-
1065 1050 1194 1123 imit·
1225 1047 1350 1139 ‘Qum
1379 1047 1530 1116 “mmm
1553 1059 1606 1116 ⁰⁸²
1634 1039 1803 1136 ’μηθ’
1830 1061 1939 1137 im
1964 1045 2059 1146 ΨΜ

48 1205 140 1288 lero,
169 1199 258 1277 Viri
279 1189 500 1274 Clarissimi
522 1197 577 1272 D.
600 1195 821 1272 Bernhardi
841 1191 1016 1298 Czigisri,
1063 1151 1235 1272 mihim
1263 1153 1302 1220 in
1331 1147 1482 1228 (ἰωὴ
1512 1168 1662 1218 mmm
1687 1147 1726 1316 5¹¹¹
1753 1145 1893 1316 ‘'iffi‘'
1913 1167 1956 1214 θ’
1980 1165 2060 1214 ⁸¹⁶⁸

172 1301 347 1378 limporis
369 1297 616 1398 Theologm,
639 1302 737 1402 filio
763 1303 801 1382 s·
817 1303 863 1382 D·
1066 1275 1244 1336 eruissem,
1270 1275 1343 1324 non
1359 1273 1539 1322 reversum
1555 1271 1645 1332 esse,
1668 1271 1709 1318 co
1726 1271 1783 1317 um
1833 1269 1868 1314 m
1884 1267 2060 1316 reversam

985 1421 987 1426 .
1068 1377 1160 1438 esse,
1185 1368 1301 1424 rostro
1322 1365 1514 1442 gestantem
1528 1372 1672 1420 sumum
1691 1347 1826 1418 olivae?
1863 1345 1975 1436 *Quid
1998 1364 2061 1416 ve·

46 1445 136 1530 Sicut
155 1475 254 1546 agros
269 1451 365 1523 varie
387 1451 558 1537 exerceri,
583 1451 720 1541 subigi,
746 1453 899 1541 molliri,
922 1467 956 1526 st
970 1456 1016 1526 acl
1067 1456 1208 1528 nustius
1224 1449 1292 1524 hac
1311 1453 1448 1545 pictura
1466 1453 1611 1541 cogitari
1632 1449 1771 1543 potest?
1794 1499 1797 1506 ι
1822 1445 1862 1518 ln
1886 1441 2061 1538 guiterus-

47 1558 224 1650 accipiendr
246 1553 469 1646 fovendaque
490 1551 625 1622 semina
648 1556 849 1646 praeparari
866 1571 1016 1650 oportet,
1067 1558 1166 1629 tione
1182 1558 1274 1626 vitae
1288 1569 1322 1626 et
1337 1552 1669 1636 doctrinsestndiis,
1694 1543 1846 1622 salutare
1862 1564 1916 1622 est
1930 1541 1966 1622 et'
1977 1549 2062 1620 felis

47 1661 83 1730 ita
102 1660 199 1730 rudes
221 1670 256 1728 ct
286 1667 425 1728 teneras
452 1667 587 1726 mentes
611 1677 750 1724 necesse
779 1670 830 1728 est
855 1659 1016 1730 doctriua
1065 1659 1284 1730 curriculum
1298 1681 1432 1740 eorum,
1452 1657 1604 1750 melnen
1614 1657 1926 1732 desorttntarcam,
1946 1651 1982 1720 id
1996 1663 2062 1736 est,

47 1758 211 1852 multiplici
227 1771 262 1828 et
275 1769 402 1846 magne
425 1770 499 1826 arte
516 1755 659 1826 excitari
674 1769 709 1827 et
731 1757 862 1839 excoli,
888 1773 928 1831 ut
943 1761 1019 1831 vir·
1068 1758 1274 1835 Ecclesiam.
1332 1759 1384 1831 lta
1402 1771 1498 1837 sunt
1518 1759 1672 1828 reduces
1695 1756 1898 1838 columbae,
1929 1746 2063 1838 Esaias,

48 1875 136 1932 tutem
152 1857 345 1949 intelligere
358 1857 533 1952 incipiant
546 1871 581 1928 et
594 1857 669 1927 eius
682 1883 803 1930 amore
821 1861 1017 1932 accendan-
1073 1863 1238 1944 loannes,
1265 1859 1414 1944 Paulus,
1440 1858 1661 1950 Augustinus
1682 1869 1715 1926 et
1733 1856 1909 1948 principes
1924 1855 1995 1947 pii,
2022 1857 2063 1927 u't

49 1975 135 2034 tutet
154 1961 429 2032 inflammentur.
482 1955 601 2048 Quare
621 1959 660 2028 iu
676 1958 787 2030 literis
803 1984 860 2032 res
875 1965 1017 2034 eaedem
1040 1987 1041 1990 ’
1069 1961 1197 2048 Βεινίἀ,
1226 1961 1344 2043 iosias,
1363 1959 1619 2035 Constantinus
1633 1973 1669 2030 et
1683 1957 1743 2028 alii
1761 1947 2063 2051 deniqueomo'es,

48 2063 124 2132 varie
139 2075 397 2156 proponuntur.
424 2059 584 2130 Primum
598 2063 789 2132 traduntur
803 2063 899 2134 nuda
911 2087 1017 2156 prae·
1070 2065 1131 2158 qui
1155 2065 1304 2134 consilia
1329 2087 1391 2133 sua
1415 2063 1573 2135 referient
1597 2063 1639 2137 ad
1663 2061 1855 2131 iuvandam
1877 2071 1912 2128 et
1930 2080 2063 2128 ornau-

49 2179 143 2256 cepta‚
168 2177 207 2235 ut
224 2165 262 2232 in
278 2164 445 2258 decalogo
461 2173 522 2230 ant
538 2161 617 2232 aliis
631 2161 747 2250 legum
765 2166 1018 2248 monumentis,
1068 2175 1153 2236 etaim
1178 2163 1387 2237 Ecclesiam.
1436 2157 1485 2234 Et
1519 2159 1641 2234 ceintra
1675 2163 1794 2246 corvi,
1828 2159 1865 2230 id
1897 2173 1967 2260 est,
2000 2157 2063 2254 qni

49 2267 153 2336 deiude
170 2259 339 2335 historiae
354 2267 548 2344 adduntur,
572 2263 612 2332 in
627 2265 757 2358 quibus
771 2281 1019 2340 monstrentur
1069 2283 1305 2360 aspernantur
1318 2263 1523 2348 Ecclesiam,
1545 2258 1734 2356 perniciosi
1751 2276 1784 2332 et
1799 2260 1957 2331 infelices
1970 2271 2064 2360 suot

49 2381 290 2458 praeceptorum
309 2365 488 2458 exempla,
512 2365 641 2458 placidi
658 2365 770 2438 exitus
785 2359 1019 2443 honestorum
1069 2383 1111 2440 ut
1127 2365 1253 2449 Arius,
1278 2365 1464 2450 Serretust
1488 2365 1659 2445 Mustela,
1684 2362 1839 2455 episcopi
1854 2361 2008 2454 epicurei
2029 2373 2066 2432 et

49 2469 275 2554 consiliorum,
300 2479 423 2538 contro
447 2491 531 2536 vero
550 2491 687 2558 poenae
709 2469 880 2540 scelerum
903 2471 1020 2542 tristes
1071 2471 1215 2543 similes.
1264 2465 1347 2539 Erit
1360 2465 1476 2538 anun
1495 2465 1679 2559 explicatio
1695 2465 1888 2548 illustrior,
1913 2464 1944 2533 si
1959 2475 2065 2562 netu-

49 2583 75 2640 ct
88 2565 286 2640 horrendae.
338 2567 494 2640 Sumunt
509 2571 683 2660 espoeue
699 2563 833 2642 heroici
848 2573 1020 2664 ettragici
1070 2595 1127 2642 ras
1143 2572 1248 2642 etiam
1263 2564 1816 2642 harumvolucrumconsideres.
1841 2563 2064 2656 Quamtetrs

50 2695 80 2739 es
92 2668 235 2742 historiis
252 2683 458 2759 argumenta
478 2694 587 2763 eaque
607 2671 774 2742 omnihus
797 2673 1020 2767 eloquentiae
1072 2673 1247 2764 ingluvies
1269 2687 1321 2743 est
1342 2673 1458 2756 corvi,
1481 2665 1590 2764 quarn
1609 2664 1794 2740 dicacur?
1827 2691 1917 2762 quae
1937 2667 2065 2737 surde·
2120 2747 2123 2754 ¹

51 2771 218 2843 luminibus
236 2785 388 2850 oritant,
415 2786 453 2839 ut
474 2795 600 2861 magna
620 2773 657 2841 vi
674 2773 711 2840 in
728 2787 869 2864 pectora
885 2788 920 2846 et
940 2773 1021 2846 ani-
1071 2773 1176 2846 litas?
1206 2771 1302 2844 Haec
1317 2788 1519 2862 congruunt
1533 2773 1579 2842 ad
1595 2793 1711 2842 mores
1733 2793 1875 2850 eorum,
1899 2766 1962 2862 qui
1978 2789 2066 2836 ven-

50 2898 108 2940 rnos
129 2877 297 2944 lecturum
322 2887 357 2942 et
378 2886 632 2964 spectatorum,
667 2873 835 2965 imagines
857 2873 1020 2947 mnium
1072 2878 1136 2948 tris
1153 2898 1254 2946 cause
1271 2875 1466 2944 defendunt
1482 2873 1678 2944 doctrinam
1696 2869 1841 2960 impiam
1856 2885 1890 2940 et
1906 2879 2067 2938 exercent

50 2977 121 3045 vitae
142 2977 339 3046 officiorum
368 2987 563 3064 penetrent.
630 2971 792 3048 Eandem
821 2977 1020 3056 doctrinam
1072 2978 1253 3048 saevitiam
1279 2978 1316 3046 in
1340 2971 1504 3048 homines
1524 2977 1719 3056 modestos,
1752 2986 1844 3040 reete
1866 2971 2066 3043 sentientes.

51 3079 225 3146 comoediae
248 3078 415 3154 tradunt,
440 3101 531 3168 quae
554 3079 642 3149 fictis
663 3077 821 3168 personis
843 3101 900 3150 res
921 3101 1022 3150 veras
1072 3078 1197 3152 Simile
1214 3094 1265 3150 est
1281 3079 1431 3170 apologo
1454 3089 1487 3145 et
1502 3075 1685 3148 samsonis
1706 3073 1884 3162 aenigma,
1910 3071 2004 3163 quod
2024 3070 2065 3140 in

51 3177 227 3264 imitantur,
256 3191 293 3248 et
304 3177 497 3268 'pingendis
514 3172 701 3247 hominum
717 3179 874 3251 consiliis
892 3193 927 3252 et
942 3207 1022 3252 mo-
1072 3181 1238 3252 couvivio
1261 3180 1482 3274 propositum
1502 3191 1563 3247 est.
1620 3175 1716 3266 Quia
1740 3171 2067 3272 physicaratioest,
2115 3225 2128 3238 .

51 3278 145 3364 ribus,
168 3279 256 3374 quid
281 3282 401 3348 deceat
422 3294 452 3348 et
464 3280 561 3372 ,quid
577 3280 789 3367 fugiendum
812 3282 875 3364 sit,
901 3297 1023 3354 osten·
1073 3307 1137 3353 cur
1150 3303 1232 3376 apes
1245 3307 1285 3351 ex
1300 3283 1456 3364 leonum,
1475 3274 1661 3350 autbount
1674 3275 1905 3348 cadaveribus
1918 3297 2067 3372 nascan-

51 3379 130 3453 slunt.
189 3381 343 3452 Accedit
375 3396 407 3450 et
443 3375 685 3473 philosophia,
715 3373 826 3476 quse',
855 3384 1024 3474 uutages
1073 3397 1152 3468 tur,
1178 3385 1269 3454 sicut
1289 3407 1331 3453 ex
1348 3383 1448 3477 equis
1465 3382 1671 3460 crabrones,
1697 3374 1861 3447 cussinis
1879 3375 2067 3459 scarabaei,

53 3483 182 3563 muniat,
216 3505 358 3552 caussas
391 3483 602 3551 necessarias
634 3484 676 3552 in
704 3498 828 3554 natura
855 3487 1022 3560 ostendite
1073 3505 1115 3557 es
1128 3481 1336 3556 hominihus
1351 3498 1540 3576 serpentes.
1567 3479 1632 3552 Est
1647 3495 1763 3550 autem
1778 3480 1816 3546 io
1832 3477 2067 3564 eoaenigma-

52 3577 169 3654 Praeter
194 3579 261 3654 has
284 3583 414 3654 fortunas
438 3587 620 3654 doctrina-e
644 3585 785 3656 virtutis
808 3581 946 3682 reliqua
970 3581 1025 3659 est
1073 3603 1130 3674 κς
1150 3603 1191 3658 ut
1207 3588 1245 3656 io
1261 3585 1411 3679 apologo
1427 3585 1574 3655 mirilico
1589 3579 1736 3674 pictura·
1784 3575 1838 3649 Ex
1853 3578 1956 3647 leone
1970 3597 2068 3646 rnor-

52 3683 182 3772 pictura,
214 3709 306 3779 quae
332 3687 532 3754 ostenditur
555 3686 592 3754 in
616 3687 745 3756 fabulis
766 3710 828 3756 seu
851 3687 1024 3780 apologis,¹
1075 3706 1137 3763 tiro
1170 3689 1324 3760 nascitur
1351 3679 1667 3776 ermneuiehtm,
1688 3683 1725 3752 id
1747 3694 1816 3761 est,
1854 3701 1896 3748 er
1923 3669 2067 3749 Christo

51 3785 99 3854 ubi
120 3801 322 3858 naturarum
349 3785 537 3856 collatione
567 3802 874 3878 repraesentantur
896 3815 1024 3868 mores.
1074 3806 1215 3862 mortuo
1241 3791 1397 3859 nascitur
1410 3785 1566 3857 Ecclesia
1591 3798 1624 3854 et
1646 3785 1744 3853 cibus
1765 3779 1989 3851 dulcissimus
2009 3801 2068 3873 rs-¹

54 3882 193 3978 Tyranni
207 3888 339 3976 effigies
355 3899 407 3956 est
422 3889 544 3977 lupus,
569 3889 719 3958 modesti
740 3889 827 3961 civis
840 3891 934 3973 ovis,
960 3917 1022 3962 ve·
1074 3891 1224 3964 stituens
1241 3891 1348 3961 vitam
1363 3883 1583 3961 hominibus.
1597 3875 1602 3890 ’
1615 3881 1722 3958 Tales
1735 3895 1819 3954 scint
1832 3881 1963 3951 multae
1978 3881 2068 3952 ims-

53 3992 191 4060 tenteris
213 3989 411 4078 vulpecula.
471 3988 539 4058 Per
562 3985 625 4058 has
649 3991 780 4062 formas
807 4015 930 4063 omnes
957 3997 1025 4064 du·
1075 3997 1173 4084 gines
1192 3995 1423 4082 apologorum
1439 3991 1571 4058 similes
1586 3989 1625 4057 in
1640 3986 1800 4057 doctrina
1815 3983 1968 4068 coeleth·-
1994 3979 2069 4060 hie-

53 4100 143 4160 cuula
157 4105 241 4162 suut
257 4090 416 4179 ingenia,
441 4103 475 4159 et
491 4113 545 4159 res
561 4093 699 4159 eaedem
718 4115 841 4182 magna
858 4095 1027 4166 varietate
1076 4097 1143 4168 luit
1160 4095 1255 4166 enim
1278 4108 1313 4164 et
1335 4097 1421 4163 deus
1442 4093 1515 4182 ipse
1537 4113 1593 4159 rea
1608 4091 1746 4160 easdem
1763 4086 2069 4177 magnacarieute

54 4189 264 4262 inculcandae
277 4204 378 4274 scint,
404 4203 444 4260 ut
459 4193 625 4282 paulatim
644 4195 749 4262 rudes
765 4196 873 4264 tissimi
892 4195 1026 4266 intelli·
1076 4181 1294 4290 proponere,
1325 4207 1364 4290 ut
1398 4194 1512 4264 studia
1546 4193 1765 4288 accenderet,
1799 4201 1833 4258 et
1863 4207 2068 4268 commone·

53 4311 117 4378 gere
138 4297 303 4364 virtutem
329 4306 362 4360 et
392 4287 537 4362 honesta
564 4294 655 4362 vitae
682 4295 816 4382 officia,
849 4309 883 4366 et
907 4311 1033 4388 regere,
1075 4299 1246 4371 torsiones
1260 4293 1471 4390 haberemus
1484 4291 1653 4392 dereby}
1663 4283 2007 4384 maximigiiluslress·

54 4416 149 4464 nores
180 4393 331 4464 consilio
366 4407 400 4464 et
431 4393 575 4468 ratione.
600 4395 718 4488 aliqua
746 4399 903 4472 discant..
954 4395 1026 4470 Nec
1166 4382 1970 4488 Cumigitur‘utilesitiustilltriattimistales
1983 4409 2068 4458 nar·
2108 4471 2115 4486 ι

55 4495 177 4584 erigona
196 4493 255 4564 hic
280 4495 381 4564 labor
404 4509 474 4579 est,
500 4519 563 4564 nec
582 4498 699 4566 subito
717 4499 893 4568 assuefieri
916 4501 1025 4570 animi
1077 4501 1231 4572 rationes
1259 4502 1440 4592 figuratas,
1472 4512 1512 4568 ut
1530 4509 1628 4588 ¹sum
1655 4487 1793 4592 wilti,
1823 4503 1886 4562 aut
1917 4488 2075 4599 apologi3

55 4613 191 4682 possunt.
245 4594 471 4685 lcleomagna
487 4598 654 4666 varietate
669 4601 914 4670 exercitiorum
939 4625 1027 4694 opus
1078 4603 1181 4673 valde
1202 4603 1425 4673 laudanslutn‘
1445 4581 1982 4669 ‘eseconsttlunt‘utttcta'rtssttnt
2003 4589 2068 4661 do-

57 4707 104 4767 ut
134 4697 182 4768 Ac
197 4697 339 4767 interim
356 4719 493 4789 semper
507 4699 667 4767 addenda
687 4715 738 4770 est
757 4703 937 4789 doctrina,
959 4727 1028 4798 qua
1078 4705 1190 4775 ctrina
1213 4719 1246 4774 et
1263 4703 1393 4772 virtute
1416 4699 1625 4791 praestantis
1645 4688 1835 4765 [oachims'
1849 4682 2070 4775 Camerarii,

58 4816 84 4861 se
96 4799 173 4867 deus
188 4799 369 4890 patefecit,
396 4812 435 4868 et
445 4801 812 4881 cmonmnefaciendae
828 4819 911 4876 sunt
927 4831 1028 4874 men·
1080 4807 1141 4899 qui
1157 4819 1193 4874 et
1203 4805 1343 4891 collegit
1358 4828 1402 4872 es
1415 4789 1762 4892 opimis‘mtorth'es
1785 4797 1872 4867 tales
1893 4793 2069 4864 narratio·

58 4906 111 4976 let,
133 4895 650 4992 hanepostplarediligsutiam
672 4903 710 4972 io
732 4905 895 4994 regendis
918 4908 1028 4988 mori-
1080 4929 1145 4979 nes
1162 4917 1199 4979 et
1220 4929 1278 4979 eas
1304 4925 1429 4993 gruere
1451 4902 1759 4992 sermonicum»,
1781 4897 1907 4969 ’ὓὶίῖᾶθ
1923 4911 1968 4967 ¹0¹
1988 4899 2073 4964 Μ

59 4995 127 5078 tus,
148 4997 444 5092 hstpcgiopicesp
457 5001 538 5106 [gre
554 5005 793 5090 contumaciae
804 5019 842 5079 ,et
866 5009 1026 5098 petulan-
1079 5007 1191 5078 latino
1201 4992 1367 5098 ¹exposuit
1382 5020 1416 5076 et
1429 5003 1576 5102 addidit·
1586 4997 1779 5096 epitnnthis
1795 5021 1857 5073 seu
1870 4998 2072 5070 fabularum

59 5097 136 5173 tiae·
152 5102 224 5192 Seri
239 5098 276 5172 io
293 5095 683 5198 lampariisrlpctrinae
697 5105 824 5181 formis
835 5109 1029 5198 plurimum
1081 5108 1508 5201 interprmuonec'quae
1518 5113 1677 5188 monenti
1700 5105 1745 5176 sd
1758 5113 1869 5193 ossan
1883 5100 1976 5169 ritae
1989 5117 2073 5189 par·

61 5203 169 5284 gratiae
185 5199 552 5310 hgbemfebulse-sep
568 5205 720 5296 apologi.
758 5205 852 5290 Naro
868 5211 1031 5297 collatio·
1081 5226 1151 5282 tem
1167 5209 1332 5302 singulae¹
1346 5202 1661 5285 accommodandas
1677 5203 1791 5296 sinti·¹
1809 5197 2074 5292 itaetpcrtors

62 5320 126 5378 nes,
154 5329 241 5395 quae
263 5303 534 5374 similitudinem
565 5299 803 5378 humanorum
827 5331 968 5380 morum
992 5313 1030 5381 in
1081 5315 1209 5382 format
1226 5328 1259 5384 et
1282 5311 1464 5381 assuefacit
1485 5312 1641 5400 linguam
1663 5306 1707 5374 ad
1729 5317 1822 5372 recte
1845 5301 2079 5394 loquendum,

63 5402 279 5571 aninslsslmtibus
301 5419 362 5474 aut
385 5405 465 5576 ειΙξο
477 5419 629 5482 'naturas
647 5409 808 5500 pertibus
827 5413 1031 5494 Utendum
1083 5435 1174 5508 quae
1186 5415 1260 5485 duo
1268 5425 1481 5483 ornamenta
1494 5405 1779 5482 sunt·ltumiuuut
1789 5401 2000 5498 praecipue(
2033 5401 2048 5423 '

149 5533 268 5577 asses.
286 5510 393 5578 Orsa.
455 5509 592 5580 essii.
1470 5512 1519 5586 86
1880 5519 1884 5528 ’
