4682 5808
567 211 571 220 ’
654 245 929 334 tentans
959 227 1155 334 'virtu
1191 246 1322 324 stan.
1378 245 1509 332 rese.

101 371 166 540 Mili
180 529 182 540 ,
196 465 312 547 Copiae
326 461 463 526 Mauritii
479 474 548 524 suut
566 455 799 542 Gundaltingae.

135 595 164 660 4.
180 541 183 618 i
196 582 347 665 Exempla
361 583 558 644 confessionis
577 577 748 644 Saxonicaa
766 581 847 644 edita
862 593 933 642 sunt
948 575 1104 657 Basileae,
1129 585 1223 640 inscio
1240 579 1447 643 Melanthoue.

116 715 166 778 18.
197 699 360 766 Mauritius
375 711 503 780 occupat
519 697 662 764 Fuessen.
690 731 742 746 --
795 695 976 761 Melanthon
991 698 1112 774 scribit,
1138 702 1169 757 ln
1185 679 1345 760 Poloniani
1360 700 1461 758 vocari
1474 697 1613 765 homines
1628 697 1754 762 idoneos
1778 701 2000 764 adducendam
2017 699 2120 771 lim.

250 805 323 884 gelii
336 802 503 862 doctrinam
519 803 709 882 permittente
723 819 805 880 rege.
1255 797 1267 816 ⁸

114 934 167 996 19.
198 915 705 999 Mamitius'oocupatErebargum.
756 912 865 978 loanni
878 894 1030 978 Friderico
1044 912 1140 980 Elect.
1161 921 1280 998 captivo
1295 917 1443 978 indicatur
1458 917 1595 976 liberatio
1615 937 1653 976 ex
1669 919 1851 1000 captivitate.

112 1053 165 1114 20.
198 1035 362 1100 Mauritius
378 1056 448 1096 cunr
463 1019 598 1096 exercitu
613 1035 803 1116 progreditur
825 1056 878 1116 per
897 1030 995 1118 Alpes
1012 1032 1233 1118 Oeuipontum.
1288 1033 1394 1098 Caesar
1414 1056 1445 1098 sa
1469 1037 1575 1118 recipit
1589 1029 1744 1102 Villaoum
1768 1045 1801 1097 et
1817 1033 1941 1110 dimittit
1965 1033 2114 1130 Joanuem

251 1135 436 1200 Fridericum
454 1159 493 1198 ex
509 1139 649 1198 vinculis.

105 1245 166 1310 lun.

137 1360 164 1419 t.
199 1351 238 1418 ln
253 1356 328 1416 urhe
342 1339 454 1416 Passan
470 1350 631 1416 Mauritius
645 1363 674 1414 et
686 1349 893 1414 Ferdinandua
909 1373 964 1414 rex
979 1360 1181 1432 conveniunt,
1208 1370 1240 1416 ut
1258 1357 1294 1416 de
1310 1376 1383 1436 paca
1400 1371 1498 1438 agant.

197 1471 396 1554 Witebergaa
411 1449 580 1553 grassantur
592 1471 730 1548 contagia
747 1471 824 1546 luis,
851 1481 880 1529 et
895 1465 1059 1530 Academia
1075 1471 1218 1531 deliberat
1234 1470 1270 1530 de
1284 1494 1409 1535 secessu.
1698 1553 1701 1566 1

196 1586 343 1652 Albertus
368 1586 505 1650 Marchio
526 1584 695 1648 Brandenh.
724 1586 840 1648 obsidet
854 1583 1087 1669 Norinbergana‚
1112 1603 1141 1650 et
1155 1611 1210 1650 rex
1224 1585 1339 1653 Galliae
1356 1588 1474 1655 Caesari
1493 1595 1607 1653 bellum
1623 1589 1727 1650 infert.

112 1707 164 1766 10.
179 1743 184 1818 Ι
200 1703 330 1769 Senatus
349 1703 560 1786 TorgaviensIs
576 1703 664 1764 offert
677 1701 861 1766 Academiae
874 1701 1100 1787 Vl'itebergensi
1114 1705 1291 1788 hospitium.

113 1825 163 1886 19.
200 1821 381 1886 Melanthon
396 1835 559 1904 occupatur
573 1825 607 1882 in
621 1821 783 1884 retexendo
799 1822 878 1882 libro
895 1821 932 1884 da
946 1825 1055 1890 anima.

109 1943 163 2003 30.
200 1937 306 2022 Prodit
321 1937 526 2002 Melanthonis
538 1939 640 2002 oratio
654 1937 691 2002 da
705 1935 863 2019 Capntone.

133 2178 165 2239 3.
202 2167 279 2236 Met.
297 2171 400 2232 scribit
412 2169 552 2233 adversus
567 2168 753 2234 Osiandrum
769 2175 864 2233 latino
882 2193 1030 2240 sermone.

112 2293 165 2355 13.
200 2287 343 2370 Hospitio
358 2293 474 2372 quaerit
488 2285 673 2374 Torgaviae‚
700 2309 762 2374 quo
777 2286 944 2356 Academia
959 2315 990 2354 se
1004 2294 1121 2357 confert
1135 2309 1258 2378 propter
1272 2299 1355 2358 luem
1370 2295 1566 2378 Witebergae
1576 2305 1772 2376 grassantem.
1787 2301 1795 2314 “

112 2407 164 2469 17.
201 2392 536 2488 Torgariaeincipiunt
551 2410 766 2489 praelectiones
780 2408 972 2476 academicae.

109 2527 161 2589 18.
198 2516 295 2586 Liber
310 2523 347 2584 de
362 2522 460 2586 forma
473 2517 676 2587 Ecclesiarnm
691 2521 984 2606 Megapolitanarum
999 2530 1152 2590 absolutus
1174 2542 1229 2595 est.

196 2637 341 2702 Exeunte
355 2660 455 2703 manse
471 2643 588 2704 l'amilia
602 2639 808 2709 Melanthonis
821 2666 853 2707 se
870 2645 988 2709 confert
1004 2645 1197 2731 Torgaviam.

106 2761 172 2822 at.
196 2755 264 2820 Pax
276 2762 355 2820 inter
367 2753 545 2820 Mauritium
560 2773 589 2822 et
602 2757 765 2824 Caesarem.

123 2978 157 3050 8.
195 2971 375 3039 Melanthea
390 2997 422 3037 se
435 2976 553 3040 confert
567 2973 766 3060 Torgaviam‚
792 2980 846 3040 ubi
861 2994 1048 3044 enarraturus
1063 2993 1107 3046 est
1120 2986 1152 3047 in
1169 2983 1272 3053 schola
1292 2987 1452 3066 epistolam
1466 2981 1503 3042 ad
1515 2948 1683 3044 Romanos.

89 3091 101 3110 ”
124 3095 157 3156 9.
195 3090 474 3175 Typographorum
490 3113 578 3156 causa
596 3097 794 3178 proficiscitur
807 3093 1032 3180 Witebargam.

149 3255 157 3271 .
192 3206 288 3301 Redit
304 3205 497 3290 Torgaviam.

100 3329 156 3392 15.
191 3324 275 3390 Loci
284 3321 452 3407 'gennanici
465 3328 547 3411 typis
562 3331 779 3422 exscribuntur.
805 3365 858 3378 --
910 3331 1078 3396 Occasione
1094 3335 1162 3396 data
1182 3335 1219 3396 ab
1236 3331 1387 3396 Osiandro
1409 3339 1520 3396 iterum
1540 3345 1645 3396 tractu
1661 3332 1828 3393 doctrinam
1845 3326 1883 3394 da
1905 3343 2101 3408 personarum
2135 3341 2137 3346 ·

190 3479 194 3488 .
242 3433 276 3490 in
290 3425 359 3490 Deo
374 3430 562 3516 discrimine,
589 3431 719 3516 ideoque
735 3438 980 3516 interpretaturus
995 3449 1039 3498 est
1054 3430 1162 3500 lustini
1176 3439 1287 3498 librum
1303 3437 1340 3498 de
1356 3439 1451 3500 tribus
1468 3441 1604 3520 personia
1619 3439 1651 3496 in
1666 3431 1745 3496 Deo.

99 3567 153 3628 ρο,
188 3547 414 3609 Praefatiouem
428 3552 462 3609 in
477 3546 655 3628 Haggaeum
668 3553 701 3610 iu
713 3554 851 3614 manibus
866 3553 966 3616 habet.

143 3723 152 3740 ,
183 3641 331 3748 Ἐἰρείιιη
345 3668 543 3746 proficiscitur
556 3665 830 3750 ad‘Gamerarium,
855 3669 951 3752 (unde
966 3671 1055 3734 rediit
1071 3669 1282 3753 Witehargam
1297 3687 1328 3738 et
1341 3677 1386 3738 ibi
1409 3684 1610 3736 commoratus
1626 3683 1670 3732 ast
1684 3689 1779 3754 usque
1796 3665 1833 3727 ad
1853 3671 1907 3732 13.
1921 3657 2047 3743 septb.)

96 3799 151 3863 25.
188 3779 493 3866 Caroluslmperator
507 3789 637 3848 restituit
655 3783 802 3850 Senatum
818 3786 1044 3872 Augustauum,
1066 3804 1095 3852 et
1108 3794 1265 3872 permittit,
1291 3806 1326 3854 ut
1340 3795 1469 3856 ministri
1483 3791 1578 3874 priori
1591 3790 1688 3853 forma
1703 3805 1853 3852 sacrorum
1863 3795 1997 3870 utantur.

96 3921 150 3983 30,
186 3903 314 3968 Chartae
327 3876 549 3966 enarrationem
565 3901 695 3968 Lutheri
708 3911 740 3970 in
756 3903 888 3970 Genesin
908 3913 1028 3972 mittere
1041 3913 1108 3978 vult
1121 3907 1348 3991 Norinbergam.
1581 3887 1583 3890 Ι

98 4037 150 4100 81.
185 4022 319 4106 Stigalio
333 4025 436 4088 scribit
452 4023 490 4086 de
506 4025 602 4087 trihus
621 4011 757 4107 personis
771 4031 805 4090 in
822 4029 988 4092 divinitate.
1035 4065 1043 4079 ι

74 4145 148 4232 Sept.
335 4213 345 4224 ,Ι
886 4216 889 4222 ,

121 4276 149 4334 1.
183 4259 315 4326 Carolus
329 4253 437 4334 Gaesar
452 4252 592 4338 Augusta
607 4256 795 4324 Vindelicor.
814 4259 951 4322 discedit.
1129 4337 1131 4340 Ι

116 4393 148 4450 2,
181 4374 316 4440 Ioannes
333 4373 520 4453 Friderious,
546 4371 621 4436 Dux
639 4372 712 4441 Sax.
732 4373 845 4454 Eleon,
871 4381 927 4437 iter
943 4377 1069 4437 domum
1083 4373 1259 4456 ingreditur.

118 4511 148 4572 3,
184 4491 296 4584 Caesar
310 4498 394 4556 venit
409 4489 540 4555 Ulmam.

58 4627 61 4634 ’
118 4626 148 4688 4,
184 4612 350 4696 Philippgrs
363 4609 573 4718 ⁷[pgrndgrarius
586 4612 710 4676 Hassiae
723 4616 798 4675 liber
811 4615 981 4676 dimittitur.

119 4743 151 4808 5,
184 4708 577 4832 Melanthm'fflitebergae
593 4744 636 4792 est
647 4731 909 4814 typographorum
922 4752 1018 4795 causa.

100 4862 149 4927 14.
184 4851 366 4916 Melanthon
387 4831 546 4936 etdgpaeteri
567 4849 719 4932 Theologi
741 4849 988 4932 Witebergenses
1010 4855 1123 4934 scripto
1150 4823 1279 4915 salutant
1307 4845 1450 4926 loannem
1473 4844 1668 4906 Friderioum.
1718 4837 1811 4944 (Eius
1831 4857 2010 4919 mosum
2030 4836 2095 4897 rid.

238 4955 270 5016 sl.
288 4957 345 5020 17.
362 4949 453 5034 Oct.)

184 5069 366 5136 Melanthon
380 5041 582 5133 iterum'redtt
599 5067 792 5151 Torgaviarn.

97 5201 146 5263 to.
185 5189 295 5257 Caesar
310 5185 547 5270 Argentoratum
563 5191 671 5267 intrat,
696 5189 774 5248 unde
789 5191 888 5269 pergit
910 5191 943 5248 in
959 5181 1190 5276 Lotharingiam
1206 5207 1276 5248 curn
1293 5187 1438 5246 exercitu.

102 5315 151 5380 ii.
185 5307 337 5391 Georgius
352 5301 451 5368 Maior
465 5319 589 5386 vocatur
605 5310 637 5368 in
653 5304 850 5367 Academiam
864 5303 1139 5385 Witebergensem.

104 5435 152 5499 19.
184 5425 260 5518 Mel:
274 5412 473 5509 praeiatnr'in
489 5421 579 5488 Tom.
597 5419 657 5486 IV.
675 5443 800 5504 operum
815 5417 947 5484 Lutheri
967 5423 1150 5498 latinorum,
1176 5441 1266 5504 quem
1285 5419 1363 5486 dicat
1380 5408 1485 5476 loanni
1503 5395 1676 5486 Frideriao,
1702 5404 1782 5471 Daci
1800 5405 1872 5475 Sex.
1890 5408 1945 5475 El.
2068 5443 2077 5451 ·
