4654 5816
204 202 282 282 ass
787 197 1223 284 aetsrouaauu
1275 201 1377 288 cta.
1403 205 1486 290 an.
1540 204 1671 284 recu
2169 205 2248 282 saa

206 378 278 448 sint
298 376 430 462 tontes,
461 399 503 448 er
527 375 657 472 quibns
680 377 850 448 sumenda
872 391 924 450 est
950 383 1132 475 perspicua
1163 393 1198 454 et
1249 375 1344 448 Filio
1374 389 1407 446 et
1432 376 1569 470 Spiritu
1592 377 1722 451 Sancto
1755 365 1940 470 ignorant,
1972 365 2252 452 Mabometistae

206 480 306 549 lirms
322 478 497 552 refutatio.
533 475 630 548 Haec
646 501 687 548 eo
704 479 857 566 recitavi,
873 493 914 550 nt
929 481 1086 553 iuniores
1102 505 1198 553 com-
1250 480 1355 550 etiarm
1380 479 1490 570 impie
1509 481 1719 552 etiurenter
1742 495 1977 556 exsecrantur.
2035 481 2106 554 Sed
2129 481 2252 566 rerba,

205 579 394 650 monciarti
407 577 649 670 diligentiores
664 579 786 650 sintin
802 583 1058 653 considerando
1073 584 1197 654 discri-
1251 581 1390 674 inquis,
1415 581 1562 652 recitare
1582 603 1787 674 possumus,
1813 595 1977 652 naturam
1997 580 2063 650 atti
2078 595 2113 652 et
2129 581 2252 675 Spiri-

204 682 300 750 mine
315 681 569 766 doctrinarum,
587 693 622 751 et
636 682 824 773 puritatem
842 685 1001 754 coelestis
1015 686 1198 756 doctrinae
1250 695 1310 752 tus
1323 681 1445 752 Sancti
1461 685 1640 775 quomodo
1657 683 1876 774 intelligam?
1933 679 2011 752 Etsi
2028 685 2178 754 obscura
2197 697 2251 756 est

204 805 278 852 non
294 783 415 853 sinant
436 782 632 874 corrumpi,
657 782 822 852 admixtis
842 786 1038 874 peregrinis
1054 787 1196 876 opinio·
1250 783 1354 852 etiam
1374 784 1410 852 in
1430 779 1585 854 Ecclesia
1608 779 1693 854 baec
1717 783 1871 872 agnitio,
1898 797 2016 854 tamen
2035 779 2120 854 huic
2144 785 2251 854 infir-

204 885 321 958 nibus.
356 881 514 954 Maxime
527 905 611 954 vcro
630 883 668 951 in
683 883 907 956 invocatione
925 881 1009 957 haec
1024 887 1194 980 sapientia
1250 885 1364 956 mitati
1384 882 1481 954 Deus
1501 887 1678 956 naedetur:
1705 883 1800 956 Filio
1826 886 1945 956 induit
1966 880 2161 956 humanam
2183 911 2250 956 na-

203 986 330 1056 luceat·
380 983 495 1054 Filius
512 983 578 1055 Dei
594 1007 692 1070 cum,
718 985 909 1076 obiurgans
925 987 1196 1074 samaritanam,
1249 998 1385 1071 turam,
1413 998 1454 1056 ut
1469 986 1669 1077 adspiciens
1690 981 1787 1056 hunc
1802 981 2005 1070 Christum,
2030 1000 2185 1058 stantem
2211 989 2248 1056 in

202 1087 336 1180 inquit:
357 1083 455 1171 „Vos
468 1085 643 1169 adoratis,
655 1088 752 1179 quod
769 1087 954 1159 nescitis”:
980 1091 1057 1161 vult
1072 1115 1138 1160 nos
1154 1113 1194 1160 er
1247 1101 1445 1178 conspectu,
1471 1111 1552 1156 cum
1567 1101 1709 1158 revocat
1721 1086 1894 1158 Lazarum
1910 1087 1949 1156 in
1967 1087 2086 1169 vitam,
2111 1089 2248 1158 discer-

201 1185 358 1258 tenebris
372 1186 455 1272 illis,
479 1210 569 1280 quae
585 1201 667 1257 sunt
683 1187 719 1255 in
737 1191 914 1260 mentibus
930 1191 1060 1262 nostris
1076 1192 1111 1259 in
1130 1187 1194 1261 hac
1246 1209 1311 1256 nas
1335 1211 1415 1258 eum
1438 1188 1483 1258 ab
1511 1201 1654 1258 aeterno
1675 1187 1797 1274 Patre3
1831 1201 1866 1260 et
1889 1188 2095 1260 nominatur
2119 1187 2249 1274 Filius,

202 1288 342 1358 infirma
357 1301 503 1371 natura,
527 1288 626 1358 velut
645 1288 765 1374 educi,
790 1303 823 1360 et
846 1292 922 1362 vult
943 1292 1063 1386 aliquo
1088 1295 1192 1363 modo
1250 1287 1368 1378 imago
1392 1289 1524 1358 aeterni
1541 1287 1673 1360 Patris:
1699 1291 1795 1360 unde
1818 1291 1875 1382 pia
1897 1313 1997 1360 mens
2018 1291 2143 1374 etiam,
2172 1315 2246 1360 non

201 1388 335 1481 adspici
350 1385 467 1460 Deum
482 1387 522 1456 in
537 1387 610 1457 illis
626 1389 747 1476 dictis,
772 1413 862 1484 quae
883 1417 950 1464 vox
966 1395 1087 1464 divina
1111 1417 1193 1486 pro-
1247 1389 1346 1460 rudis
1362 1413 1403 1460 ae
1425 1413 1569 1482 prorsus
1590 1391 1714 1478 ignara
1733 1391 1916 1462 doctrinae
1939 1403 1973 1462 et
1994 1392 2245 1466 exercitiorum

200 1488 337 1582 posuit,
368 1511 458 1582 quae
482 1503 591 1559 metas
620 1489 724 1560 nobis
748 1493 959 1580 circumdat,
985 1495 1105 1579 docet,
1131 1497 1191 1565 ubi
1246 1491 1481 1561 invocationis
1495 1514 1633 1560 sumere
1647 1491 1837 1567 discrimen
1855 1506 1979 1583 potest.
2028 1489 2078 1562 Et
2091 1491 2246 1562 sciamus

200 1603 234 1660 et
250 1593 428 1684 quomodo
443 1611 515 1660 sese
531 1591 734 1682 patefecerit
749 1589 863 1676 Deus,
888 1607 920 1665 et
947 1620 1036 1690 quae
1050 1598 1096 1665 sit
1118 1597 1192 1666 eius
1246 1591 1283 1659 in
1300 1586 1363 1662 hac
1378 1591 1518 1662 mortali
1533 1593 1604 1662 vita
1620 1588 1704 1662 haec
1718 1591 1867 1664 obscura
1883 1594 1984 1664 initia
2003 1592 2076 1663 Deo
2094 1595 2246 1684 placere.

199 1692 380 1777 voluntas,
412 1691 591 1784 quomodo
623 1705 659 1760 et
686 1715 750 1762 cur
777 1695 943 1786 recipiat,
968 1696 1130 1768 exaudiat
1158 1711 1192 1768 et
1246 1691 1408 1762 Alterum
1425 1693 1615 1764 discrimen
1632 1695 1677 1764 de
1699 1694 1881 1766 voluntate
1904 1695 1968 1766 Dei
1987 1695 2165 1764 illustrius
2183 1710 2245 1766 est.

198 1807 313 1864 servet
341 1786 515 1864 homines.
568 1791 638 1863 Sed
664 1795 769 1885 quid,
796 1796 953 1890 inquies,
978 1799 1059 1890 plus
1080 1798 1192 1868 cernit
1244 1791 1387 1864 Norunt
1412 1807 1593 1888 utcunque
1624 1793 1745 1882 Plato,
1784 1791 2005 1888 Xenophon,
2043 1790 2245 1882 Mahomet,

198 1917 276 1963 mea
298 1915 417 1978 mens,
442 1894 616 1984 cogitans,
643 1895 727 1987 quid
759 1895 803 1966 ait
824 1897 937 1984 Deus,
963 1923 1069 1993 quam
1091 1919 1191 1968 niens
1244 1895 1480 1980 voluntatem,
1514 1920 1620 1988 quam
1653 1897 1727 1980 les,
1760 1897 1861 1968 cuirrs
1892 1897 2019 1968 notitia
2052 1898 2244 1966 nobiscnm

195 1991 372 2078 Platonis,
396 1994 477 2088 qni,
500 1993 696 2087 adspiciens
709 1990 777 2067 hoc
792 1993 1071 2088 pulcherrimum
1084 2025 1190 2071 mun·
1244 1999 1418 2078 nascitur,
1431 1999 1596 2067 ostendit.
1628 1995 1755 2070 Sciunt
1770 2020 1844 2068 esse
1857 2021 1990 2068 numen
2007 1997 2167 2086 sapiens,
2184 2023 2245 2068 ve-

195 2096 234 2165 di
249 2093 449 2188 opificium,
472 2095 588 2166 lucem
604 2096 799 2186 etfiguram
814 2099 915 2186 coeli,
939 2101 1095 2174 siderum
1112 2125 1190 2172 mo-
1243 2121 1322 2178 rax,
1349 2099 1556 2184 beneficum,
1579 2098 1725 2184 instram,
1751 2111 1897 2182 castum,
1922 2099 2075 2192 puniens
2092 2099 2243 2170 scelera:

194 2209 271 2276 tus,
302 2207 338 2266 et
358 2189 451 2268 hanc
477 2199 596 2268 sedem
625 2198 878 2288 animantium,
911 2214 1040 2272 terram
1062 2225 1188 2294 magna
1242 2199 1365 2270 vident
1389 2195 1496 2272 huius
1518 2199 1713 2271 voluntatis
1730 2199 1933 2275 testimonia
1958 2201 1996 2272 in
2021 2200 2244 2294 quotidianis

194 2297 362 2370 varietate
382 2311 565 2386 ornatam,
597 2311 633 2368 et
654 2291 835 2387 homines,
866 2315 901 2372 et
921 2303 960 2372 in
983 2296 1189 2374 hominibus
1242 2301 1420 2392 exemplis.
1463 2295 1541 2370 Etsi
1559 2302 1655 2370 enim
1672 2301 1886 2370 differuntur
1900 2325 2053 2393 poenae,
2079 2315 2113 2370 et
2126 2325 2243 2392 patrea

193 2411 330 2491 partem
342 2397 620 2490 intelligentem,
641 2412 674 2469 et
691 2415 843 2472 caeteras
858 2398 941 2474 huic
957 2404 1049 2474 miro
1064 2406 1188 2475 ordine
1241 2403 1413 2494 quaedam
1437 2401 1594 2493 exempla
1616 2425 1714 2472 nunc
1736 2403 1954 2496 discrepant:
1977 2415 2094 2472 tamen
2117 2403 2243 2490 regula

193 2500 408 2583 adtributas,
442 2499 600 2590 agnoscit
621 2513 734 2587 certe,
759 2525 892 2573 numen
912 2505 1091 2598 quoddam
1115 2530 1188 2577 esse
1240 2503 1583 2596 nequaqnamdnbia
1598 2505 1808 2574 est:atroeia
1821 2504 1950 2574 delicta
1965 2503 2128 2574 comitari
2143 2519 2243 2574 atro-

194 2600 351 2694 sapiens,
376 2601 530 2687 bonum,
555 2602 704 2683 iustum,
736 2606 833 2697 quod
856 2619 891 2678 et
910 2607 991 2677 ions
1014 2619 1067 2678 est
1088 2608 1186 2676 ordi·
1240 2627 1295 2673 ces
1312 2625 1442 2695 poenas
1455 2603 1494 2672 in
1509 2599 1574 2674 hac
1591 2605 1675 2678 vita.
1710 2603 1807 2676 Hinc
1820 2619 1904 2676 sunt
1919 2605 2001 2674 illae
2016 2605 2121 2674 toties
2134 2627 2240 2696 repe·

193 2703 251 2770 nis
263 2716 298 2774 et
314 2701 504 2786 bonitatis,
528 2716 563 2772 et
580 2696 663 2771 haec
678 2699 914 2796 pulcherrima
931 2731 1039 2800 opera
1050 2709 1186 2778 miran·
1239 2703 1323 2775 titae
1344 2705 1717 2776 commonefactiunes:

193 2807 237 2872 da
264 2816 338 2872 arte
365 2803 541 2873 condidit:
580 2801 678 2891 Quid
704 2805 800 2896 plus,
826 2807 983 2900 inquies,
1007 2822 1069 2882 sul
1097 2811 1182 2904 quid
1498 2829 1582 2914 Ἔχε,
1604 2831 1681 2910 θεὸς
1701 2827 1821 2898 ἔκδικον
1842 2827 1942 2913 ὄμμα.

192 2905 288 2974 aliud
306 2903 502 3021 cernimus,
528 2905 632 2974 etiam
647 2929 726 3020 ctam
745 2909 886 3026 deducti
902 2933 1022 2981 sumus
1038 2911 1082 2981 ad
1106 2911 1184 2980 illas
1337 2947 1489 3024 Etfflud
1502 2949 1756 3022 mmmm:
1781 2943 1927 3046 (odyss
1953 2953 1977 3034 ξ
2004 2950 2084 3048 88.)

191 3005 460 3096 patefactiones,
484 3027 571 3096 quas
586 3019 709 3076 recitat
729 3005 906 3078 Ecclesia?
945 3007 1004 3080 An
1019 3033 1093 3082 nun
1107 3011 1184 3082 lieri
1420 3043 1422 3046 ·
1928 3004 1938 3030 ⁰
1975 3003 1986 3030 ·

192 3117 325 3194 potest,
347 3117 388 3174 ut
403 3105 539 3174 firmior
562 3119 597 3176 et
622 3107 781 3178 stabilior
799 3109 845 3178 sit
863 3113 1024 3181 adsensio
1048 3113 1088 3181 in
1102 3111 1184 3182 Pla·
1383 3081 1421 3147 οὗ
1441 3081 1500 3166 7²²⁰
1523 3079 1647 3164 ‘'²3¹²“
1669 3077 1744 3166 iim
1764 3081 1833 3146 '⁹⁶⁰²
1854 3075 1995 3166 ΜΨ
2016 3083 2168 3168 Wum'·

191 3219 276 3274 tone
298 3219 333 3274 et
352 3200 608 3297 Xenophonte,
633 3231 739 3300 quam
761 3208 800 3277 in
821 3211 1044 3282 auditoribus
1060 3211 1183 3284 Eccle-
1335 3203 1386 3278 Et
1402 3207 1491 3276 illud
1507 3197 1772 3273 Pindaricum:
1797 3197 1885 3300 (Py.
1901 3200 1964 3273 lV.
1978 3202 2085 3298 248.)

192 3305 288 3376 siae?
338 3301 434 3375 Hace
451 3331 526 3375 non
547 3319 597 3375 est
617 3307 705 3376 levis
723 3312 899 3402 quaestio,
928 3315 973 3382 de
988 3339 1056 3406 qua
1079 3315 1183 3384 bouis
1402 3315 1470 3382 ivri
1489 3317 1547 3397 pla
1568 3315 1696 3382 θνατῶν
1720 3315 1828 3402 φρένες
1849 3312 2003 3396 ὠκύτεραι

191 3407 372 3476 mentibus
400 3429 503 3498 saepe
530 3407 757 3496 cogitandum
785 3422 856 3493 est,
885 3425 919 3483 et
943 3420 1182 3506 quaerendum
1405 3401 1514 3484 ⁸30³ss
1535 3401 1659 3483 “itiwt
1680 3401 1740 3485 ⁷¹9⁶
1767 3401 1855 3474 diane
1877 3398 1996 3478 iilwt,

191 3507 391 3591 discrimen,
414 3509 524 3600 quod,
549 3507 615 3578 etsi
630 3531 754 3598 magna
769 3512 872 3582 estin
889 3514 1050 3584 omnium
1064 3531 1183 3608 pecto·
1401 3494 1547 3571 ’ΜΨ
1567 3479 1728 3569 ii'n‘i'm'
1749 3483 1829 3568 πρὸς
1848 3485 1981 3565 inim
2002 3481 2142 3566 mimi·

191 3609 293 3680 ribus
308 3608 438 3696 caligo,
463 3621 582 3678 tanuen
595 3608 744 3698 intelligi
758 3623 939 3707 utcunque
953 3627 1077 3706 potest.
1112 3617 1180 3686 Sed
1234 3609 1398 3704 Denique
1427 3609 1588 3680 omnium
1621 3631 1788 3678 sanorum
1822 3605 2042 3678 consessione
2068 3601 2164 3678 hanc
2192 3611 2237 3680 de

191 3709 359 3792 sciamus,
391 3703 457 3778 hoc
482 3709 680 3802 praecipere
704 3711 840 3795 Deum,
873 3727 913 3786 ut
942 3716 1184 3786 adsentiamur
1235 3710 1311 3782 Deo
1331 3709 1495 3780 notitiam
1512 3709 1550 3778 in
1570 3711 1730 3778 omnium
1745 3709 1926 3780 mentibus
1946 3707 2064 3780 lucere
2084 3723 2235 3786 constat.

191 3833 275 3881 suae
288 3810 386 3893 voci,
410 3833 450 3879 ac
467 3813 721 3883 tumultuantes
736 3815 986 3900 dubitationes,
1010 3817 1184 3910 reprima—
1235 3811 1304 3885 Sed
1321 3835 1544 3906 nequaquam
1561 3825 1694 3880 noceant
1707 3807 1831 3894 Plato,
1853 3803 2074 3900 Xenophon,
2100 3806 2235 3880 Maho-

191 3933 290 3992 mus,
312 3909 403 3980 sicut
418 3903 565 3980 Paulus
580 3913 696 4007 inquit
720 3913 762 4008 (2
778 3913 861 3986 Cor.
877 3913 922 3985 X.
942 3915 1016 4012 6.)t
1047 3919 1183 4012 αἰχμα-
1235 3927 1307 3984 met
1340 3909 1609 4004 promissionem
1639 3910 1826 4000 gratuitam
1862 3907 2167 3980 reconciliationis
2202 3923 2235 3982 et

193 4005 408 4098 λωτίζοντες
422 4013 499 4083 πᾶν
517 4005 706 4106 νόημαέῑς
724 4010 795 4108 τὴν
816 4011 987 4111 ὑπακοὴν
1006 4023 1075 4092 τοῦ
1087 4021 1182 4113 xpp.
1235 4012 1469 4084 Mediatorem
1486 4011 1619 4097 hlium3
1645 4013 1705 4081 sed
1728 4023 1896 4102 perpetua
1918 4023 1970 4082 est
1991 4009 2030 4080 in
2051 4013 2234 4082 mentibus

193 4115 305 4196 ποῦ,
329 4105 563 4182 deindehauc
580 4114 690 4204 ipsam
705 4109 942 4206 agnitionem,
966 4119 1090 4214 inqua
1111 4121 1183 4191 ful-
1235 4113 1429 4198 dubitatio,
1454 4137 1501 4182 an
1517 4113 1757 4182 exaudiatura
1774 4107 1863 4182 Deo.
1902 4107 1973 4180 Hic
1989 4108 2147 4182 Ecclesia
2165 4109 2233 4184 Dei

192 4233 273 4302 gere
293 4211 470 4302 incipiunt
494 4212 707 4284 scintillulae
729 4217 967 4301 adsensionis,
994 4243 1067 4291 esse
1091 4216 1182 4291 ham
1235 4217 1317 4300 scit,
1341 4215 1548 4306 patefactam
1571 4237 1644 4286 esse
1668 4209 1759 4282 hanc
1775 4211 1993 4282 voluntatem
2015 4210 2056 4280 in
2075 4214 2231 4304 promis·

192 4313 400 4402 sapientiam
415 4309 612 4398 Ecclesiae,
635 4315 830 4406 placentem
845 4315 942 4402 Deo,
967 4319 1181 4416 quamquam
1235 4317 1351 4399 sione,
1388 4339 1478 4412 quae
1508 4315 1588 4384 ideo
1621 4314 1829 4384 nominatur
1856 4309 2112 4401 Evangelium,
2145 4314 2228 4406 quia

191 4408 309 4484 adhuc
324 4433 450 4501 magna
465 4413 576 4504 caligo
591 4416 726 4508 reliqua
742 4429 804 4490 est.
830 4413 883 4488 Ac
897 4421 1048 4491 docendi
1063 4446 1181 4492 caussa
1235 4433 1330 4508 grata
1347 4431 1381 4486 et
1396 4415 1509 4486 dulcis
1528 4413 1722 4486 consolatio
1739 4425 1809 4498 est,
1832 4434 1903 4507 qua
1920 4437 2001 4482 cum
2018 4425 2154 4484 mentes
2169 4439 2229 4486 su-

192 4535 296 4605 sseps
312 4512 359 4583 ita
374 4515 535 4584 discerno
554 4516 812 4586 invocationem
822 4515 1012 4590 Etbnieam
1028 4535 1062 4592 et
1076 4519 1183 4593 Chri·
1235 4529 1450 4599 stentantur,
1475 4539 1550 4586 non
1571 4515 1824 4606 opprimuntur
1838 4513 1933 4583 mole
1950 4512 2229 4600 dubitationum,

192 4615 354 4686 stiansm
405 4611 516 4706 ldque
536 4616 724 4686 discrimen
752 4609 856 4711 saepe
881 4621 1104 4716 naultumque
1126 4623 1183 4692 in·
1235 4644 1308 4688 trun
1324 4630 1532 4708 merguntur
1553 4615 1591 4684 in
1615 4625 1850 4700 contemtum,
1869 4628 1931 4686 ant
1951 4613 2035 4684 odis
2054 4611 2142 4702 Dei,
2163 4616 2225 4688 sed
2314 4687 2315 4698 ,

192 4713 323 4788 sulcari
338 4726 373 4783 et
386 4714 531 4805 eogitari
550 4720 704 4804 prodest.
755 4717 980 4811 Cogitatione
1001 4724 1097 4792 enim
1120 4725 1182 4794 lux
1236 4732 1434 4790 reverenter
1448 4717 1620 4786 accedunt
1638 4717 1681 4784 ad
1696 4711 1835 4800 Deum,
1860 4713 1989 4785 fidncia
2006 4711 2228 4788 Mediatoris.

192 4815 478 4886 iumentibuset
499 4819 704 4889 accenditur
720 4833 755 4889 et
775 4823 908 4894 crescit.
956 4821 1181 4896 Srrntautem
1233 4821 1329 4892 llaec
1344 4817 1539 4902 invocatio,
1562 4817 1632 4886 lide
1647 4815 1791 4890 intuens
1803 4813 2058 4902 Mediatmm,
2076 4819 2223 4910 propria
2314 4807 2315 4834 ¹

192 4917 378 5009 praecipua
394 4915 598 4988 discrimina
613 4920 700 4988 duo:
727 4921 877 4992 alterum
891 4937 944 4994 est
957 4927 1001 4996 de
1016 4927 1180 5012 cassatim
1233 4935 1284 4994 est
1297 4917 1476 4990 Ecclesiae
1489 4917 1576 4998 Dei,
1602 4929 1635 4989 et
1654 4917 1799 5011 quidem
1814 4915 2028 4988 accenditin
2045 4919 2223 4988 montibus
2314 4927 2315 5002 ξ

191 5017 342 5088 alterum
357 5017 403 5086 de
424 5017 608 5089 voluntate
625 5019 704 5090 Dei.
752 5015 885 5095 Errant
903 5019 1072 5114 Ethnici,
1095 5026 1180 5098 Mo·
1233 5023 1345 5094 lucem
1366 5021 1411 5092 de
1432 5017 1528 5100 Deo,
1553 5018 1710 5109 ignotam
1724 5011 1891 5092 Ethnicis
1913 5027 1949 5088 ct
1967 5015 2135 5092 omnibus
2158 5013 2223 5090 bo-
2314 5003 2315 5056 i

190 5111 416 5198 hamum,
439 5131 474 5188 et
492 5119 624 5190 &mila
647 5123 691 5191 de
704 5117 775 5193 Dei
794 5124 965 5212 emp„
989 5127 1090 5222 qm,
1115 5127 1179 5199 ,135
1231 5123 1408 5204 minibus,
1441 5120 1504 5216 qui
1538 5115 1624 5191 baec
1655 5141 1758 5190 verse
1790 5115 2027 5190 invocationis
2057 5117 2220 5190 ucecitia
2314 5153 2315 5198 a

190 5215 254 5288 ilia
273 5219 428 5288 naturali
445 5221 728 5294 consideratione
743 5237 938 5314 agnoscunt
954 5225 1091 5320 aliquid
1106 5251 1179 5298 esse
1230 5225 1408 5315 ignorant.
1469 5219 1589 5304 Plato,
1626 5213 1849 5313 Xenophon,
1885 5231 2079 5312 quaerunt,
2109 5218 2220 5314 qualis
2314 5215 2315 5292 j

188 5315 327 5400 nem,
358 5330 478 5390 tantm
499 5322 600 5392 illam
622 5323 823 5397 doctrinam
845 5327 891 5400 de
905 5338 1047 5400 aeterno
1062 5325 1180 5418 Patre,
1228 5327 1275 5398 sit
1286 5323 1402 5406 Deus,
1427 5321 1605 5395 intuentes
1618 5314 1715 5392 hunc
1727 5319 1856 5392 mundi
1868 5320 2044 5406 ordine,
2067 5333 2104 5394 st
2117 5343 2216 5416 pror·
2314 5359 2315 5438 q
