4616 5812
223 217 388 300 m.
813 197 1673 290 retsror,anuueturr.1sss.
1893 211 1905 232 ι
2182 201 2248 278 ιιι

229 415 304 470 sam
326 391 420 466 banc
444 381 707 484 philosophiam
731 399 867 472 ament,
894 394 928 456 ct
956 393 1071 476 partes
1095 377 1222 450 ordine
1244 377 1398 452 ¹tionem
1419 377 1640 468 singolorum
1667 377 1926 464 membrorum,
1951 381 1994 450 ad
2015 391 2158 450 naturas
2178 377 2247 448 aol-

228 501 385 578 discant,
412 507 446 566 ιι
471 493 508 562 iu
533 473 702 590 disce'udo
725 487 897 560 iudicium
922 479 1133 564 adhibeant,
1158 479 1221 572 qni
1265 481 1457 563 mantium,
1483 481 1705 574 plantarum,
1731 493 1766 550 et
1791 481 1941 552 aliarum
1964 500 2083 554 rerum
2107 481 2247 552 interra

230 601 419 692 scriptores
439 593 577 686 legendi
609 593 691 660 siut,
740 589 832 682 ¹Non
856 587 950 658 enirn
974 609 994 656 a
1018 581 1222 654 Democrito
1267 582 1507 668 nascentium,
1531 583 1770 674 proferendas.

231 716 292 772 aut
311 699 486 792 Epicuro,
519 709 580 764 ιιιιι
613 693 712 772 aliis,
747 691 810 786 qui
835 691 999 758 usitatam
1024 685 1222 756 doctrinam
1367 681 1472 754 Hauc
1492 685 1691 756 doctrinam
1717 709 1797 753 cum
1821 686 1949 756 ordine
1971 697 2005 756 et
2034 684 2175 778 propriu
2196 705 2246 772 ge-

230 811 479 892 corrumpuut,
505 819 561 864 ars
585 795 734 886 peteuda
754 807 817 866 est.
864 787 1028 878 Eligatur
1049 801 1083 856 et
1106 807 1223 855 rerum
1268 810 1351 856 nere
1372 787 1547 856 sermonis
1570 787 1647 856 siue
1670 785 1882 870 involucris,
1906 785 2025 880 qualia
2043 785 2246 856 suutiuTl·

231 903 411 986 ductrina,
436 897 576 968 omissis
593 892 760 966 inanibus
776 889 1078 971 cavillationibus,
1105 885 1226 978 quales
1269 911 1369 958 maeo
1383 885 1563 972 Platonis,
1588 883 1798 958 Aristoteles
1811 903 1846 960 et
1862 881 2132 980 Theophrastus
2147 887 2246 958 tradi·

230 999 437 1077 etiam'haec
450 999 626 1070 recentior
642 1010 735 1066 aetas
749 995 889 1064 miscuit
903 989 1082 1064 communi
1093 985 1226 1057 doctri-
1269 990 1406 1069 derint,
1429 1002 1490 1059 ιιιιι
1505 1000 1597 1060 certe
1614 983 1834 1072 inchoarint,
1856 987 2026 1060 iudicium
2044 1011 2181 1072 eorum,
2195 985 2249 1080 qui

158 1115 162 1130 '
232 1131 298 1178 nae
319 1129 393 1174 uon
419 1099 557 1194 paucis.
609 1097 822 1170 Studeamus
846 1110 880 1165 et
901 1111 1027 1184 genere
1054 1087 1226 1160 sermonis
1270 1087 1355 1162 baec
1368 1089 1578 1162 aristotelica
1595 1089 1634 1159 in
1652 1085 1783 1160 scholis
1798 1091 1952 1182 proponi
1966 1089 2253 1174 voluerunt,non

233 1206 379 1302 proprio
401 1205 474 1288 uti,
501 1216 534 1270 et
559 1200 765 1268 nonalieno
791 1197 968 1286 alinguae
988 1193 1118 1262 latinae
1140 1213 1225 1260 con·
1269 1194 1443 1282 vitupero.
1503 1190 1543 1262 Si
1576 1193 1719 1284 quando
1753 1191 1815 1262 alii
1849 1193 1997 1264 rectiora
2030 1205 2065 1263 et
2096 1191 2248 1264 uberiora

105 1299 108 1306 ¹
233 1307 431 1380 suetudine.
481 1301 650 1394 Numqui
673 1315 765 1370 recte
785 1299 883 1392 loqui
905 1297 1067 1376 student,
1093 1315 1147 1362 res
1170 1290 1227 1358 in·
1270 1297 1394 1378 edent,
1426 1315 1501 1364 non
1532 1293 1647 1362 solum
1673 1315 1821 1363 acumen
1846 1305 1880 1364 et
1902 1293 2112 1364 iudustriam
2139 1315 2247 1362 ιοιιιιιι

234 1421 381 1482 tuentur
388 1459 399 1492 ,
428 1406 557 1498 quibus
580 1403 724 1471 nomina
742 1401 910 1470 attributa
931 1410 1032 1481 sunt;
1059 1407 1228 1476 econtra,
1270 1395 1513 1478 laudabimus,
1538 1393 1721 1464 sedetiam
1740 1395 1979 1478 voluntatem,
2000 1397 2096 1488 quod
2114 1387 2177 1462 hoc
2191 1391 2247 1460 rni-

235 1535 316 1581 cum
340 1533 453 1578 sermo
475 1528 589 1574 novus
605 1503 767 1594 fingitur,
795 1503 991 1594 plerunque
1013 1511 1048 1566 ec
1071 1517 1126 1564 res
1148 1517 1229 1562 mu-
1271 1499 1423 1566 randum
1440 1495 1619 1588 opificium
1636 1495 1714 1580 dei,
1730 1495 1894 1568 videticet
1908 1497 2029 1566 omnia
2044 1495 2248 1566 mundicor-

236 1625 374 1694 tantur,
400 1607 491 1679 utin
509 1605 605 1676 Scoti
627 1620 661 1674 et
683 1603 853 1672 similium
868 1600 1007 1692 scriptis
1024 1621 1097 1667 non
1115 1617 1229 1664 sermo
1273 1621 1376 1692 pora,
1402 1597 1499 1668 velut
1519 1599 1557 1666 in
1575 1597 1654 1668 luce
1666 1597 1817 1668 clariore
1833 1597 1978 1668 caeteris
1992 1599 2174 1668 ostendere
2186 1607 2248 1666 stu·

236 1726 374 1786 tanturn
404 1719 591 1798 corruptus
625 1720 693 1788 est,
735 1705 797 1774 sed
830 1705 978 1774 umbrae
1014 1721 1132 1768 rerum
1167 1719 1229 1766 seu
1272 1702 1370 1772 dent.
1422 1695 1488 1768 Est
1502 1697 1650 1768 omnino
1665 1699 1836 1790 sapientia
1851 1699 2011 1792 dei,qua
2029 1693 2123 1770 hanc
2139 1697 2248 1767 muudi

238 1813 374 1885 somnia
395 1809 589 1898 excogitata
610 1821 711 1890 sunt,
737 1805 867 1900 quibus
888 1825 1001 1872 novae
1024 1797 1231 1892 appellatio-
1272 1795 1471 1872 machinam
1486 1800 1699 1880 construxit,
1715 1799 2061 1892 impervestigabilis,
2085 1815 2120 1870 et
2136 1813 2248 1882 tamen

238 1939 303 1986 nes
319 1913 508 1986 attributae
524 1923 618 1982 sunt.
1273 1927 1353 1972 carm
1369 1902 1453 1974 velit
1469 1925 1547 1970 eam
1562 1901 1694 1993 aspici,
1720 1902 1955 1972 consideratio
1982 1925 2057 1972 nun
2079 1916 2133 1972 est
2153 1899 2248 1969 inuti·

336 2011 386 2084 Et
412 2033 615 2106 quanquam
641 2007 756 2076 forms
781 2005 981 2076 communis
1012 2000 1142 2072 artium
1176 2022 1230 2068 se·
1273 2005 1336 2088 lis,
1369 2017 1404 2073 ct
1425 2003 1543 2096 aliqua
1568 2003 1713 2092 vestigia
1737 1999 1919 2074 architecti
1941 1998 2160 2096 deprehendi
2180 2023 2249 2094 pos-

239 2117 380 2214 queuda
405 2126 473 2198 est,
499 2125 617 2182 tamen
645 2102 730 2177 haec
753 2107 854 2177 initia
874 2103 1042 2197 exemplis
1060 2097 1231 2172 illustrari
1273 2119 1367 2178 sunt,
1417 2099 1465 2176 Et
1480 2104 1591 2194 gratia
1608 2105 1757 2175 debetur
1768 2105 1954 2189 omnibus,
1974 2105 2038 2198 qui
2052 2117 2184 2198 partem
2195 2101 2248 2172 ali·

236 2219 399 2311 prodest,
432 2227 472 2284 ut
504 2209 742 2304 conspiciatur
771 2208 917 2280 utilitas.
978 2205 1090 2296 Saepe
1124 2203 1232 2293 igitur
1274 2231 1378 2300 quam
1400 2220 1493 2276 recte
1516 2219 1550 2276 et
1573 2205 1779 2297 simpliciter
1802 2219 2022 2290 monstrant,
2047 2229 2090 2276 ac
2109 2225 2249 2298 praescr·

238 2319 378 2412 optavi,
398 2329 439 2386 ut
454 2314 615 2384 eruditus
629 2311 787 2380 medicus
803 2324 835 2380 et
849 2331 970 2378 amans
987 2301 1112 2376 harum
1129 2301 1232 2374 schu-
1274 2309 1339 2377 tirn
1367 2307 1430 2393 iis,
1449 2307 1533 2400 qui,
1558 2331 1639 2376 cum
1665 2307 1769 2378 multi
1789 2307 2020 2378 audacissime
2041 2306 2250 2396 corruperint

237 2422 438 2494 lasticarum
454 2438 662 2505 operarum,
680 2411 822 2482 intuens
840 2411 1041 2480 universam
1059 2420 1234 2488 naturam,
1273 2407 1469 2499 simplicem
1495 2407 1712 2492 doctrinam,
1744 2422 1781 2478 ut
1805 2405 2049 2493 Democritus,
2090 2405 2250 2500 Epicurei,

240 2513 467 2592 sumathuuc
485 2517 639 2584 laborem
665 2505 750 2584 haec
771 2511 873 2584 initia
891 2509 1102 2582 aristotelica
1127 2520 1233 2576 etre-
1274 2509 1404 2592 Stoici,
1439 2503 1650 2603 Pyrrhonii,
1676 2522 1711 2580 et
1736 2504 1866 2580 horum
1887 2509 2038 2593 similes,
2074 2510 2249 2580 monitores
2295 2567 2296 2576 ,

239 2620 375 2694 citandi
391 2633 426 2688 et
441 2615 655 2687 illustrandi.
1275 2624 1358 2684 sunt
1387 2609 1608 2696 iunioribus,
1641 2621 1681 2680 ut
1700 2609 1814 2682 vitent
1842 2625 2059 2682 monstrosas
2079 2611 2250 2702 opiniones
2295 2591 2296 2658 l

337 2717 416 2809 Ego
440 2742 554 2786 meam
576 2713 815 2784 infirmitatem
841 2732 1008 2800 agnosco,
1041 2733 1080 2778 oc
1104 2707 1233 2802 siquis
1275 2727 1311 2784 et
1331 2726 1422 2783 recta
1447 2711 1576 2782 artium
1591 2712 1647 2781 via
1666 2725 1838 2806 quaerant
1854 2735 1953 2782 veras
1969 2715 2174 2796 sententias,
2197 2733 2250 2780 nes

240 2821 431 2896 stulticiam
448 2843 521 2888 esse
538 2815 727 2898 iudicabit,
753 2813 847 2908 quod
871 2811 985 2904 impar
1009 2823 1107 2880 tantu
1131 2807 1233 2878 oneri
1275 2826 1400 2907 putent
1413 2812 1548 2902 ingenii
1563 2815 1670 2883 decus
1684 2835 1757 2884 esse
1779 2813 1901 2884 ludere
1915 2815 2113 2906 praestigiis
2125 2813 2249 2904 opiniu-

238 2946 344 2998 ausus
374 2945 454 2994 sum
482 2916 568 2990 haee
589 2917 760 3001 scribere,
790 2913 834 2984 ab
863 2905 931 2982 hoc
953 2911 1094 2981 veniam
1116 2911 1235 3004 potius
1276 2939 1382 3000 num,
1404 2917 1463 2984 sed
1485 2915 1708 3007 acquiescant
1730 2916 1768 2984 iu
1790 2916 1955 2995 veritate,
1989 2919 2118 2986 aculeo
2139 2915 2249 3004 gratias

239 3025 372 3098 erroris
394 3035 496 3116 peto,
521 3044 627 3114 quam
649 3042 706 3088 me
728 3039 866 3086 excuso.
918 3011 989 3084 Sed
1013 3037 1093 3082 cum
1114 3034 1234 3082 ueces-
1276 3029 1399 3105 agant,
1426 3019 1522 3109 quod
1547 3016 1585 3084 in
1609 3008 1673 3086 bac
1696 3016 1847 3106 caligine
1866 3011 2043 3088 humanae
2058 3015 2182 3088 mentis
2195 3015 2248 3085 ali·
2294 3061 2295 3064 κ

241 3127 374 3198 ,atium
389 3147 462 3194 eece
480 3136 710 3192 statueremus
725 3139 788 3206 ego
805 3129 839 3186 et
857 3115 1009 3204 collegae
1025 3113 1159 3197 nostri,
1177 3113 1234 3183 iu·
1276 3140 1363 3210 quas
1389 3129 1507 3186 tamen
1529 3117 1699 3188 scintillas
1720 3141 1803 3186 suae
1825 3119 2015 3209 sapientiae
2036 3120 2116 3190 vult
2141 3120 2250 3198 lucere,
2294 3145 2295 3198 l

240 3225 379 3300 reututi
408 3246 607 3316 proponere
639 3233 673 3290 et
697 3215 788 3288 hanc
813 3209 1061 3308 philosophiae
1087 3228 1234 3306 partem,
1276 3233 1311 3289 et
1324 3219 1505 3288 inventam
1522 3219 1719 3290 doctrinam
1731 3221 1776 3288 ad
1793 3241 1896 3288 usum
1911 3219 1950 3288 in
1968 3221 2039 3290 vita
2058 3219 2249 3290 transierant

241 3325 447 3418 collegimus
467 3346 529 3412 ego
552 3337 589 3392 et
602 3315 749 3390 Paulus
766 3313 911 3386 Eberus
935 3312 1026 3386 hanc
1047 3317 1234 3410 sylvulam,
1276 3321 1323 3390 ad
1344 3321 1511 3389 tuendam
1534 3319 1774 3390 valetudinem
1796 3333 1830 3390 et
1846 3322 2017 3410 regendos
2036 3343 2166 3404 mores,
2190 3320 2248 3386 imo

242 3431 280 3500 iu
297 3451 366 3522 qua
390 3425 560 3495 mediocri
583 3421 830 3514 perspicuitate
853 3417 998 3488 recitare
1022 3417 1234 3490 aristotelica
1277 3422 1322 3490 ad
1344 3420 1594 3490 celebrandum
1617 3422 1721 3491 deum
1744 3422 1917 3512 opillcern.
1969 3421 2102 3492 Pravae
2127 3421 2248 3512 spinio-

240 3552 427 3610 couamur,
444 3550 533 3620 quae
550 3524 693 3618 quidem
712 3525 875 3614 prodesse
889 3519 933 3590 ad
951 3533 1096 3590 naturae
1111 3518 1234 3608 cogui-
1277 3544 1339 3592 nes
1358 3544 1421 3612 per
1438 3545 1510 3590 sese
1527 3535 1655 3593 nocent
1671 3523 1829 3592 moribus
1849 3537 1885 3593 et
1902 3523 2014 3608 vitae,
2038 3538 2072 3596 et
2086 3537 2248 3594 contume-

241 3634 375 3708 tiunem
391 3625 679 3698 existimavimus·
1277 3618 1387 3694 liosae
1409 3633 1494 3692 suast
1515 3625 1683 3694 adversus
1706 3626 1829 3708 deum3
1855 3625 1916 3694 sed
1942 3627 2057 3696 multo
2080 3625 2158 3717 plus
2179 3623 2247 3692 mali

342 3728 391 3802 Ut
415 3743 532 3800 autern
555 3719 826 3816 Aristophanes,
851 3722 1018 3792 deridens
1043 3719 1236 3806 Socratem,
1277 3737 1329 3796 est
1351 3724 1389 3792 in
1415 3723 1489 3815 ipsa
1512 3725 1768 3794 cousuetudine
1788 3725 1988 3816 petulanter
2003 3723 2247 3797 contradicendi
2293 3749 2294 3808 j

240 3833 363 3922 fingit,
385 3855 464 3900 eum
482 3828 602 3898 metiri
618 3847 739 3920 passus
753 3825 897 3918 pulicis,
922 3845 1001 3892 cera
1013 3821 1110 3892 velut
1123 3823 1235 3914 persi-
1278 3827 1369 3896 veris
1383 3826 1578 3898 sententiis.
1630 3823 1699 3894 Hic
1715 3821 1842 3917 vere⁸)
1866 3841 1936 3906 est,
1963 3841 2005 3898 ιιι
2021 3827 2138 3922 iuquit
2155 3826 2246 3898 Euri·
2293 3811 2294 3846 ³

241 3957 300 4004 eos
315 3927 508 4002 cothurnus
521 3929 632 4020 pulici
646 3929 872 4006 induentem,
887 3924 946 3996 ita
961 3923 1033 3993 scio
1049 3924 1179 3993 multos
1196 3923 1234 3992 in
1278 3927 1393 4018 pides,
1419 3920 1622 4007 ἀκόλαστος
1631 3931 1784 4024 γλῶσσα
1799 3922 1969 4022 αἰσχίστη
1983 3922 2104 4018 νόσσς.

242 4033 310 4104 hoc
325 4017 1234 4124 ipaovestibulophysicesderiderelemulqu'poru
1377 4025 1498 4116 Quare
1536 4029 1731 4118 plurimum
1771 4031 1895 4113 refert,
1934 4028 2074 4119 ingenia
2115 4028 2245 4100 recentia

242 4137 287 4206 de
310 4131 455 4204 materia
479 4131 610 4222 prima,
636 4129 802 4200 omnibus
827 4130 949 4198 orbata
972 4127 1115 4210 formis,
1139 4128 1234 4196 etde
1277 4151 1504 4219 praemonere
1520 4141 1571 4214 et,
1596 4145 1770 4223 quantum
1784 4129 1859 4200 beri
1875 4145 2010 4222 potest,
2035 4133 2244 4207 adsuefacere,

243 4233 452 4330 privatione.
478 4229 572 4304 Sunt
588 4229 704 4315 etiam,
718 4231 780 4322 qui
796 4253 860 4300 nee
875 4229 1045 4300 elementa
1060 4241 1151 4296 recte
1166 4251 1235 4296 uu-
1276 4243 1316 4301 ut
1335 4243 1456 4301 ament
1475 4233 1673 4302 moderatas
1696 4233 1904 4314 sententias,
1936 4233 2037 4322 gravi
2060 4231 2245 4304 auctoritato

243 4337 373 4408 merari
388 4335 607 4406 contendunt
631 4345 665 4401 et
684 4333 780 4404 velut
801 4354 842 4398 ex
858 4325 1068 4419 Theogonia
1086 4325 1233 4398 Hesiodi
1277 4333 1440 4414 traditas,
1472 4355 1536 4401 nec
1561 4333 1691 4402 artium
1715 4347 1825 4402 metus
1847 4348 2026 4417 evertant,
2050 4335 2120 4403 imo
2144 4349 2179 4404 ut
2199 4353 2244 4400 ar·

241 4440 347 4508 aliam
369 4433 538 4530 physicen
562 4431 677 4506 extrui
704 4433 841 4502 volunt.
892 4427 964 4499 Nec
984 4453 1067 4499 vero
1090 4444 1149 4500 aut
1171 4433 1234 4500 de·
1276 4433 1442 4502 dentibus
1471 4435 1563 4502 votis
1593 4435 1699 4502 etiam
1731 4437 1854 4517 derum,
1893 4433 2027 4505 fontem
2064 4435 2243 4527 sapientiae,

240 4540 366 4622 leudo,
399 4551 459 4607 aut
482 4535 632 4604 nimium
657 4535 766 4602 amari
792 4531 873 4601 volo
893 4553 1016 4600 omnes
1033 4525 1233 4601 Aristotelis
1275 4549 1396 4616 orent,
1428 4547 1469 4603 ut
1499 4548 1635 4604 ruentes
1667 4537 1870 4606 docentium
1897 4549 1934 4606 et
1960 4538 2168 4610 discentium
2193 4555 2243 4623 gu·

238 4640 407 4730 argutias.
448 4633 664 4727 Quanquam
679 4649 795 4704 autem
814 4632 936 4702 miscet
950 4631 1142 4724 aliquando
1159 4631 1234 4700 exi·
1276 4635 1410 4707 beruet.
2292 4649 2293 4705 ζ

243 4745 295 4812 les
321 4754 356 4810 et
382 4737 519 4808 ieiunas
540 4735 812 4828 disputationes,
845 4748 962 4805 tamen
989 4731 1105 4824 operis
1126 4732 1233 4802 series
1379 4733 1595 4806 luseruimus
1611 4736 1719 4824 igitur
1737 4751 1772 4806 et
1788 4740 2011 4831 quaestiones
2025 4739 2156 4834 aliquas
2169 4731 2241 4827 phy·
2291 4735 2292 4776 l

241 4845 287 4916 ad
311 4841 511 4912 docendum
534 4839 757 4908 accomodata
780 4852 840 4910 est.
890 4833 1039 4906 Necesse
1062 4847 1115 4904 est
1138 4833 1234 4902 enim
1276 4838 1357 4908 sicis
1381 4837 1533 4919 vicinas,
1566 4861 1716 4930 quarum
1747 4833 1832 4909 haec
1856 4840 2005 4932 simplex
2029 4856 2063 4912 et
2085 4838 2244 4933 perspicus

241 4945 280 5014 iu
301 4943 475 5014 vestibulo
500 4939 682 5010 doctrinae
708 4934 872 5033 physicae
907 4935 1088 5006 numerari
1119 4934 1234 5028 prima
1275 4938 1461 5030 explicatio
1476 4961 1557 5008 vera
1576 4951 1628 5008 est
1642 4953 1675 5009 et
1691 4940 1790 5010 utilis
1804 4942 1976 5018 moribus.
2025 4931 2241 5014 Necnihilad

242 5045 408 5136 corpora,
438 5057 474 5114 et
496 5053 615 5132 postea
639 5039 847 5132 corporibus
867 5037 1015 5108 attribui
1037 5037 1234 5130 proprieta·
1276 5039 1455 5110 ecclesiam
1466 5040 1645 5130 pertinent
1659 5042 1776 5110 studia
1785 5043 1967 5112 doctrinae
1979 5039 2148 5139 physicae.
2172 5037 2240 5110 sae

241 5161 311 5226 tes,
336 5146 433 5223 loca,
457 5141 661 5235 qualitates,
687 5153 824 5228 motus3
851 5137 979 5206 deiude
1001 5139 1039 5206 iu
1063 5137 1234 5207 mistione
1276 5140 1418 5232 pissime
1434 5141 1530 5209 enim
1545 5141 1819 5212 inenarratione
1836 5145 2019 5216 doetrinae
2040 5141 2188 5216 coelestis
2206 5137 2241 5206 ds

240 5245 382 5316 ostendi
397 5243 598 5312 affectiones
619 5256 653 5312 et
668 5243 808 5330 gradus.
857 5235 953 5307 Hinc
967 5240 1011 5307 ad
1027 5239 1134 5308 mista
1151 5261 1234 5328 pro·
1274 5292 1472 5312 μ...-

241 5347 398 5432 ceditur,
430 5346 476 5412 sd
498 5341 771 5432 descriptionem
796 5335 953 5412 heminis
977 5353 1013 5410 et
1032 5341 1234 5410 considera·
1309 5363 1339 5434 s)
1360 5362 1414 5419 ltu
1429 5363 1504 5430 amq
1524 5359 1850 5430 ea‚,u‚1„„„„„,
1865 5367 2023 5422 „ffmmg
