4616 5812
232 251 312 328 tta

207 427 314 518 ,sine
328 417 526 518 Sopbistica
549 435 584 494 et
604 421 681 492 sine
703 419 892 493 calumniis
913 421 1066 514 intelligi
1087 423 1123 492 id
1143 423 1231 494 scri-

237 542 350 622 ptum.

337 623 387 698 Et
404 641 577 722 qnantum
599 619 689 692 mibi
711 623 873 694 conscius
892 647 988 706 suro,
1015 649 1089 694 non
1112 624 1230 694 studio

237 729 470 799 dissentiendi
494 730 539 796 ab
561 727 659 812 aliis,
691 750 767 795 non
792 749 911 796 amore
935 726 1121 810 novitatis,
1154 749 1227 796 nou

237 825 462 926 φιλονεικίᾳ,
488 843 547 898 aut
568 829 637 898 alia
653 828 725 896 ulla
749 850 856 919 prava
883 827 1075 918 cupiditate
1099 827 1230 920 impul-

174 995 179 1004 .
236 953 295 1001 sus
310 955 407 1014 sum,
433 943 473 1000 ut
488 931 584 998 illam
605 926 797 1020 Epitomen
812 928 1024 1017 colligerem.
1050 927 1121 998 Sed
1139 942 1229 998 tem·-

235 1055 322 1124 pora
338 1031 556 1102 occasionem
574 1032 822 1121 praebuerunt.
870 1027 962 1098 Cum
986 1029 1024 1097 in
1040 1029 1151 1120 prima
1170 1029 1229 1098 in-

235 1134 414 1224 spectione
444 1129 681 1202 Ecclesiaruxn
714 1129 1001 1225 comperissemus
1034 1133 1227 1200 admodum

236 1236 399 1307 dissonos
438 1235 607 1303 clamores
639 1255 711 1301 csse
739 1231 997 1301 ineruditorum
1031 1233 1075 1301 de
1107 1232 1229 1302 multis

234 1336 360 1421 rebus,
376 1333 557 1406 Summam
576 1333 776 1412 doctrinae,
792 1357 898 1426 quam
906 1325 1097 1402 Lutlserus
1114 1334 1151 1400 in
1169 1333 1227 1400 di-

235 1437 345 1506 vcrsis
360 1449 393 1505 et
410 1435 743 1526 interpretationum
758 1447 792 1502 et
807 1435 1018 1503 concionum
1033 1435 1228 1502 volumini-

232 1537 301 1607 bus
323 1537 531 1620 tradiderat,
569 1550 736 1628 tanquam
770 1535 807 1602 in
837 1559 949 1604 xanxxm
973 1559 1100 1626 corpus
1125 1537 1229 1604 reda-

234 1651 326 1710 ctam
350 1637 466 1718 edidi,
489 1651 523 1706 et
544 1637 701 1730 quaesivi
719 1658 830 1724 genus
853 1637 1060 1720 verborum,
1086 1661 1157 1730 quo
1181 1637 1226 1706 ad

235 1739 505 1831 proprietatem,
535 1761 625 1830 quae
651 1739 693 1805 ad
721 1737 1002 1828 perspicuitatem
1024 1750 1058 1806 et
1080 1761 1228 1807 concor-

176 1885 185 1892 ·
234 1839 330 1910 diam
353 1839 451 1908 utilis
472 1851 541 1922 est,
567 1839 739 1906 discentes
760 1839 1003 1922 assuefierent,
1029 1863 1069 1907 ac
1091 1863 1228 1930 semper

234 1941 354 2010 omnia
378 1940 505 2030 scripta
532 1939 664 2008 iudicio
686 1935 863 2008 Ecclesiae
885 1953 1024 2010 nostrae
1049 1954 1084 2010 et
1113 1940 1225 2030 ipsius

234 2033 398 2110 Lattara·
418 2041 575 2131 permisi:
606 2041 649 2110 de
678 2039 800 2110 multis
824 2041 1091 2132 quaestionibus
1120 2043 1225 2111 etiam

234 2133 364 2212 diserte
378 2143 577 2211 ¹sciscitatus
601 2165 678 2210 sum
700 2133 929 2226 hisidorum,
955 2143 1040 2235 quid
1068 2143 1225 2222 sentiret,

154 2309 157 2317 ,
233 2267 274 2312 ac
295 2243 399 2314 multi
422 2241 637 2335 pagellarum
666 2242 808 2311 illarum
839 2243 996 2333 exempla
1021 2239 1138 2312 adhuc
1161 2239 1227 2311 ha-

232 2347 330 2414 bent.
388 2342 430 2412 ln
454 2345 529 2412 eius
553 2343 734 2412 doetrinae
755 2343 993 2432 professione,
1030 2369 1155 2436 quam,
1186 2359 1227 2415 ut

232 2446 326 2528 dixi,
351 2443 423 2513 seio
439 2457 648 2536 perpetuum
663 2466 736 2512 esse
753 2465 962 2512 consensum
972 2439 1148 2513 Ecclesiae
1156 2441 1226 2514 Ca-

232 2541 386 2617 tholicac
394 2542 542 2614 Domini
559 2544 671 2612 nostri
687 2539 767 2612 lesu
776 2537 929 2628 Christi,
956 2557 989 2612 et
1006 2569 1101 2615 nunc
1109 2543 1225 2616 Deum

232 2646 381 2730 invoco,
409 2659 444 2715 et
457 2645 599 2714 iuvante
614 2646 689 2734 ipso
713 2639 804 2713 hanc
824 2645 1081 2714 confessionem
1099 2647 1142 2716 ad
1166 2671 1225 2716 ae-

231 2760 352 2816 ternae
374 2742 552 2816 Ecclesiae
584 2746 877 2815 consuetudinem
903 2747 1070 2819 adferam.
1129 2745 1225 2816 Haec

231 2847 359 2933 recito,
381 2847 521 2940 nequis
538 2847 765 2930 criminetur,
792 2869 847 2915 me
867 2845 1019 2917 aliorum
1036 2848 1140 2918 fidem
1157 2851 1225 2918 du-

230 2949 404 3021 bitatione
419 2949 538 3042 aliqua
555 2971 633 3016 mea
648 2947 899 3038 languefacere.

332 3046 408 3119 lam
426 3042 468 3116 de
485 3047 622 3118 rituum
638 3046 857 3134 mutatione,
879 3073 969 3144 quae
981 3049 1112 3120 alicubi
1134 3051 1225 3118 facta

229 3163 298 3235 ast,
312 3171 424 3241 pauca
439 3151 671 3241 respondebo.
704 3147 870 3240 Optarim
884 3163 976 3220 certe
990 3154 1029 3219 in
1043 3145 1108 3219 hac
1122 3173 1226 3242 prae-

230 3251 352 3321 sertim
366 3263 464 3320 tanta
479 3249 654 3320 moestitia
676 3251 774 3321 nulla
792 3273 936 3342 prorsus
950 3253 1145 3322 mutatione
1161 3246 1225 3321 has

229 3345 404 3422 Ecclesias
423 3352 579 3436 turbari,
599 3352 681 3422 acsi
698 3352 912 3446 quaefactae
928 3367 1027 3436 sunt,
1053 3377 1127 3422 non
1141 3365 1225 3422 sunt

228 3475 321 3522 ame
337 3465 444 3522 ortae.
494 3450 566 3522 Sed
580 3453 694 3522 fateor
715 3475 771 3520 me
787 3453 936 3521 suasisse
959 3467 994 3523 et
1010 3446 1174 3522 Francis
1190 3466 1224 3522 et

228 3552 328 3637 aliis,
354 3576 400 3622 ne
421 3555 623 3623 desererent
644 3549 818 3622 Ecclesias
843 3567 988 3645 propter
1008 3555 1223 3640 servitutem,

158 3648 164 3660 ’
228 3675 319 3748 quae
340 3655 416 3724 sine
437 3654 618 3744 impietate
638 3654 803 3724 sustineri
826 3669 953 3747 posset,
1011 3654 1102 3730 Nam
1126 3657 1222 3750 quod

228 3747 411 3849 Illyricos
427 3756 659 3838 vociferatur,
684 3755 802 3848 potius
819 3757 1016 3826 vastitatem
1038 3757 1144 3828 fuisse
1168 3758 1222 3826 fa·

228 3855 391 3925 ciendam
406 3856 444 3924 in
460 3855 620 3947 templis,
646 3869 680 3926 et
699 3869 797 3926 metu
810 3857 1024 3928 seditionum
1040 3859 1222 3927 terrendos

228 3953 429 4046 Principes,
454 3979 517 4046 ego
533 3979 578 4026 ne
595 3981 690 4028 nuuc
706 3957 849 4050 quidem
864 3971 937 4028 tam
953 3959 1063 4031 tristis
1080 3971 1221 4028 senten-

228 4057 298 4128 tiae
329 4071 434 4126 autor
456 4080 529 4126 esse
543 4059 678 4131 velim.·
713 4055 796 4128 Alia
820 4083 928 4128 onera
943 4062 1056 4131 multo
1074 4061 1219 4130 duriora

228 4181 335 4250 quam
360 4157 454 4226 linea
471 4159 577 4228 vestis
591 4171 660 4240 est,
685 4163 859 4230 sustinere
876 4183 941 4230 nos
961 4163 1160 4231 studiorum
1187 4173 1220 4230 et

227 4253 407 4329 Ecclesiae
430 4269 553 4344 causa,
576 4259 802 4328 manifestum
827 4275 895 4346 est,
923 4263 1004 4331 odia
1026 4276 1220 4352 potentum,

227 4360 485 4429 contumaciam
518 4360 659 4454 populi,
697 4361 982 4430 malevolentiam
1024 4363 1062 4431 in
1096 4363 1222 4432 fucatis

228 4459 369 4544 amicis,
399 4461 592 4531 discordias
611 4461 833 4543 docentium,
861 4462 1036 4555 inopiam,
1061 4463 1222 4547 iniurias,

227 4571 262 4628 et
275 4558 345 4628 alia
359 4559 472 4631 multa
486 4563 599 4646 mala,
621 4585 711 4656 quae
728 4563 831 4632 etiam
847 4563 1075 4657 tranquillam
1092 4565 1221 4653 guber-

227 4659 409 4730 nationem
426 4661 651 4735 comitantur.
676 4661 782 4733 Nunc
797 4687 880 4734 sero
896 4663 1110 4736 turbulentis
1128 4677 1219 4734 tem-

226 4761 374 4852 poribus
390 4761 500 4832 multa
514 4764 687 4834 accedunt
704 4766 886 4842 atrociora,

326 4861 418 4946 Cum
436 4877 552 4934 autem
569 4879 713 4957 propter
730 4867 815 4936 tales
831 4865 989 4936 miserias
1009 4888 1084 4935 non
1106 4863 1220 4934 disce„

226 4964 383 5034 dandum
400 4965 447 5034 sit
461 4989 480 5034 a
496 4966 666 5046 statione,
691 4967 862 5036 toleretur
878 4968 985 5036 etiam
1009 4967 1159 5036 servitus
1179 4966 1219 5034 in

226 5085 265 5132 re
280 5063 431 5149 leviore,
454 5089 543 5159 quae
560 5079 680 5138 tamsm
704 5067 782 5148 sins
807 5067 987 5158 impietate
1009 5079 1071 5142 est.
1123 5061 1220 5137 Mihi

107 5233 114 5250 ,
225 5163 372 5256 quidem
389 5165 513 5254 ingens
526 5167 701 5238 moestitia
718 5161 823 5238 buius
847 5168 1035 5257 temporis,
1059 5168 1099 5236 iu
1121 5179 1218 5236 tanta

224 5263 452 5336 distractione
475 5269 697 5338 voluntatum
720 5281 755 5338 et
767 5268 981 5360 opinionum
1001 5291 1142 5359 poscere
1165 5267 1215 5334 vi-

224 5365 331 5434 detur
351 5379 393 5436 ut
422 5363 579 5436 adflictas
599 5361 774 5438 Ecclesiae
798 5367 1022 5439 consolemur
1040 5381 1074 5438 et
1098 5367 1219 5438 fovea-

819 243 1259 328 antstouanuat
1309 245 1420 330 utu.
1440 245 1507 326 XL
1560 245 1695 326 1649.

2192 249 2257 326 tto

1281 445 1378 505 mus,
1403 419 1736 518 quantumpieberi
1751 428 1885 512 potest,
1908 433 2135 507 etsrrsnsus,
2158 436 2257 495 utre-

1282 549 1361 596 rum
1376 523 1651 594 necessariarum
1669 524 1829 594 onmium
1853 525 2017 596 doctrina
2038 525 2183 595 tideliter
2206 549 2256 594 ex·

1281 627 1426 718 plicata,
1458 627 1502 696 ad
1531 625 1771 716 posteritatem
1802 641 2033 716 propagetur,
2066 640 2098 700 at
2120 621 2255 697 Scholas

1280 740 1550 812 conserventur,
1581 749 1671 820 quae
1695 727 1857 796 custodes
1879 727 1951 800 sint
1973 728 2134 800 omniurn
2156 722 2256 798 bone·

1279 843 1413 902 starum
1427 829 1570 902 artium.

1383 959 1491 1050 Quod
1513 971 1629 1029 autem
1660 973 1781 1030 narrat
1805 951 1983 1040 Flauius,
2014 959 2125 1030 aliurn
2151 961 2254 1032 nescio

1279 1085 1402 1156 queam
1439 1061 1586 1144 dixisse,
1622 1085 1679 1132 me
1709 1061 1859 1146 dixisse,
1899 1055 1990 1134 Non
2015 1055 2253 1132 discedendum

1279 1184 1353 1232 esse
1372 1160 1421 1232 ub
1443 1156 1641 1242 Ecclesiae,
1669 1159 1818 1232 etiamsi
1837 1185 1958 1232 omnes
1979 1171 2108 1233 veteres
2131 1160 2254 1234 abusus

1280 1263 1571 1350 restituerentur,
1594 1264 1822 1336 manifestum
1837 1263 2037 1334 medacium
2054 1277 2118 1340 est.

1381 1391 1435 1466 Ac
1449 1397 1566 1466 videte
1580 1394 1768 1480 artificem,
1793 1409 1834 1468 ut
1848 1397 1931 1466 odia
1946 1399 2132 1476 accendat,
2157 1410 2188 1468 et
2201 1421 2250 1466 su

1278 1497 1453 1590 spiciones
1480 1497 1656 1582 cumulet,
1688 1497 1799 1568 multa
1821 1497 1953 1588 profert
1974 1523 2014 1567 ex
2035 1499 2253 1570 familiaribus

1279 1599 1487 1692 colloquiis,
1518 1621 1608 1691 qnae
1637 1595 1742 1668 ctiam
1767 1599 1984 1668 calumniose
2011 1600 2255 1692 interpretatur,

1279 1700 1409 1768 alicubi
1430 1699 1589 1792 personis
1607 1699 1685 1767 aliis
1700 1723 1879 1770 sermones
1901 1701 2007 1770 falsos
2024 1703 2201 1785 attribuit,
2222 1713 2254 1769 nt

1278 1796 1408 1870 babere
1424 1825 1498 1869 nou
1512 1800 1627 1869 solum
1645 1812 1768 1885 testes,
1793 1803 1853 1870 sed
1872 1802 1978 1873 etiam
1999 1803 2254 1894 adstipulatores

1279 1902 1450 1976 videatur.
1490 1899 1612 1994 Neque
1627 1901 1739 2000 sensi,
1761 1927 1875 1996 neque
1891 1904 1965 1972 dixi
1977 1928 2156 2002 unquam,
2172 1905 2254 1997 quod

1278 2004 1338 2072 illc
1361 2004 1400 2072 in
1416 2025 1473 2072 me
1493 2002 1581 2072 falso
1596 2003 1747 2088 confert,
1773 2008 1989 2074 manendum
2006 2029 2078 2074 esse
2096 2005 2133 2072 in
2148 2005 2187 2072 iis
2197 2001 2254 2074 Er-

1278 2105 1414 2190 clesiis,
1438 2103 1622 2198 inquibus
1643 2103 1880 2178 restituuntur
1897 2129 2052 2190 errores,
2078 2120 2114 2176 et
2137 2105 2253 2175 oblatio

1278 2203 1487 2290 Missurum,
1512 2218 1547 2276 et
1564 2203 1741 2274 invocatio
1757 2220 1978 2292 sanctorum,
2004 2220 2038 2277 et
2054 2207 2183 2276 similes
2197 2207 2253 2274 ins·

1278 2307 1328 2398 pii
1355 2307 1489 2391 cultus,
1514 2306 1574 2398 qui
1601 2305 1732 2376 nostris
1753 2307 1891 2398 scriptis
1916 2309 2023 2380 taxati
2045 2323 2141 2383 sunt.
2189 2305 2252 2374 lmo

1276 2409 1392 2500 palam
1410 2405 1595 2499 profiteor,
1621 2431 1685 2476 nec
1702 2407 1921 2500 recipiendos
1944 2433 2017 2478 esse
2044 2409 2125 2479 illos
2149 2405 2253 2478 Idolo-

1276 2533 1355 2578 rum
1381 2507 1513 2593 cultus,
1541 2531 1606 2577 nec
1632 2507 1843 2583 tolerandos.
1901 2505 1948 2580 Et
1972 2525 2013 2581 ut
2036 2511 2203 2580 discentes
2222 2509 2252 2576 in

1275 2609 1423 2698 singulis
1441 2609 1598 2680 materiis
1610 2623 1724 2678 essent
1746 2610 2009 2694 instructiores,
2035 2636 2160 2702 magna
2183 2633 2253 2680 cura

1275 2727 1309 2781 et
1323 2733 1450 2799 magno
1466 2711 1587 2780 labore
1602 2711 1717 2780 fontes
1732 2713 2052 2782 controversiarum
2071 2713 2217 2806 exposui,
2296 2753 2297 2774 η

1377 2823 1447 2896 llic
1467 2826 1497 2894 si
1520 2825 1637 2896 dolori
1656 2851 1734 2896 meo
1752 2827 1935 2918 indulgere
1958 2829 2109 2914 vellem,
2131 2851 2252 2921 possem

1275 2927 1374 2996 etde
1396 2919 1534 2997 Florio
1561 2927 1651 2998 iuste
1679 2929 1803 3021 queri,
1835 2931 1898 3022 qui
1918 2931 2088 3000 adversus
2108 2955 2161 3000 me
2183 2929 2252 3000 talia

1274 3029 1458 3098 mendacia
1482 3027 1632 3118 spargit,
1657 3041 1692 3098 et
1715 3053 1990 3101 commemorare
2012 3056 2052 3100 ex
2067 3033 2141 3102 alto
2166 3053 2252 3120 repe-

1274 3128 1356 3197 titas
1373 3151 1494 3198 causas
1509 3123 1636 3198 barum
1650 3152 1919 3215 aerumnarum,
1945 3133 2077 3226 quibus
2095 3126 2252 3203 nuucEc·

1275 3229 1377 3298 clesia
1395 3231 1503 3300 totius
1518 3229 1615 3299 orbis
1629 3243 1804 3302 terrarum
1827 3257 1992 3324 oppressa
2015 3248 2084 3317 cst,
2108 3247 2142 3303 et
2160 3255 2252 3324 expo·

1275 3353 1377 3416 nere,
1401 3355 1490 3424 quae
1505 3333 1766 3402 resarmaverit
1781 3334 1962 3402 audaciam
1984 3335 2251 3404 adversariorum

1276 3445 1399 3502 contra
1418 3433 1621 3517 veritatem,
1637 3447 1671 3502 et
1688 3433 1947 3504 confirmaverit
1963 3437 2168 3526 potentiam.
2191 3433 2249 3504 Sed

1275 3527 1361 3602 baec
1376 3534 1523 3602 vulnera
1539 3557 1636 3602 nune
1650 3535 1822 3624 attingere
1836 3536 1940 3620 nolo,
1966 3551 2000 3606 et
2016 3538 2102 3606 istos
2123 3539 2249 3606 liberta-

1274 3634 1320 3702 tis
1332 3633 1490 3703 vindices
1503 3657 1587 3719 oro,
1608 3645 1649 3703 ut
1665 3635 1784 3706 sinant
1802 3649 1908 3706 meet
1929 3637 2017 3708 alios
2032 3639 2162 3709 multos
2179 3635 2249 3706 taci-
2293 3659 2294 3729 t

1273 3746 1328 3806 tos
1359 3735 1585 3806 circumferre
1613 3749 1756 3808 nostros
1788 3737 1946 3824 dolores,
1976 3763 2041 3810 nec
2074 3740 2250 3812 accendant

1273 3837 1446 3930 atrociora
1462 3835 1619 3912 dissidia,
1863 3831 1870 3840 ’
2292 3923 2293 3932 ¹

1373 3951 1559 4024 Gloriatur
1583 3973 1620 4022 se
1642 3953 1860 4024 defensorem
1885 3955 1961 4024 fore
1985 3955 2127 4047 pristini
2143 3970 2247 4028 status.
2292 3959 2293 4011 l

1273 4053 1312 4124 Si
1331 4065 1460 4123 statum
1478 4054 1624 4145 imperia
1640 4069 1733 4124 certa
1748 4071 1782 4125 et
1795 4057 1937 4146 politiae
1952 4058 2139 4150 intelligit,
2152 4053 2246 4127 etEc·

1273 4155 1414 4224 clesiam
1431 4156 1503 4226 suis
1519 4169 1658 4226 tantum
1674 4157 1862 4226 moenibus
1878 4159 2049 4244 includit,
2073 4185 2145 4230 uon
2169 4169 2245 4228 recte
2291 4229 2292 4244 ,

1273 4256 1389 4328 sentit.
1442 4255 1570 4348 Sparsa
1593 4270 1645 4328 est
1664 4257 1768 4326 etiam
1787 4257 1824 4325 in
1846 4260 1931 4328 alias
1949 4261 2090 4351 politiae
2104 4259 2245 4332 Ecclesia
2291 4271 2292 4293 ¹

1272 4381 1401 4426 sonans
1419 4382 1539 4428 vocem
1554 4353 1738 4446 Evangelii
1762 4359 2020 4452 incorruptam,
2045 4377 2079 4433 et
2103 4387 2180 4432 vera
2199 4383 2245 4426 m-

1273 4457 1472 4544 vocatioue,
1488 4459 1580 4526 veris
1592 4459 1780 4548 gemitibus
1797 4473 1833 4529 et
1848 4461 2012 4556 lacrymis
2026 4459 2141 4534 Deum
2158 4485 2244 4529 ruvo·

1270 4580 1365 4632 cans.
1415 4557 1577 4652 Cumque
1592 4571 1689 4628 tauta
1702 4559 1809 4631 fuerit
1826 4561 2046 4634 familiaritas
2063 4567 2096 4634 ei
2112 4583 2243 4640 mecum,
2290 4553 2291 4566 ¹

1271 4671 1442 4752 quantum
1459 4659 1648 4750 significat,
1671 4660 1768 4730 testis
1781 4683 1853 4730 esse
1869 4677 1984 4753 potest
2004 4666 2079 4757 ipse
2100 4681 2243 4734 meorum

1271 4761 1453 4844 dolorum,
1476 4759 1690 4848 gemituum,
1714 4775 1748 4832 et
1770 4764 1998 4838 assiduitatis.
2048 4765 2121 4838 Nos
2147 4767 2243 4854 impe·
2289 4843 2290 4852 ἵ

1270 4863 1405 4931 riorum
1423 4873 1458 4931 et
1471 4873 1581 4930 status
1599 4861 1732 4953 publici
1743 4866 2010 4934 concussionem
2025 4869 2241 4958 deploramus

1271 4987 1334 5032 nec
1348 4961 1549 5056 quaerimus
1563 4985 1658 5033 arces
1673 4977 1734 5035 aut
1749 4965 1940 5055 praesidia;
1967 4969 2027 5038 sed
2043 4968 2080 5036 in
2100 4963 2154 5037 bis
2171 4963 2242 5055 ipsis

1269 5059 1452 5144 Ecclesiis,
1478 5063 1517 5132 in
1530 5064 1660 5155 quibus
1675 5085 1814 5151 sumus,
1838 5070 1985 5138 eandem
2002 5093 2122 5139 vocem
2135 5066 2241 5138 Evau-
2288 5129 2289 5139 ,

1269 5165 1351 5255 gelii
1374 5187 1540 5234 sonamus
1563 5164 1767 5238 invocantes
1781 5164 1897 5239 Deum
1920 5169 1962 5238 in
1976 5193 2056 5242 vera
2077 5169 2242 5259 agnitione

1269 5279 1304 5336 et
1317 5265 1385 5334 lide
1400 5263 1485 5334 Filii
1499 5261 1585 5345 Dei,
1610 5279 1645 5336 et
1658 5267 1828 5338 mediocri
1852 5269 1975 5340 labore
1996 5271 2112 5342 studia
2133 5271 2241 5340 litera·

1268 5389 1367 5452 rum,
1390 5365 1651 5458 iustitutionem
1676 5367 1869 5458 iuventutis
1890 5385 1925 5442 et
1942 5371 2147 5466 discipliuae
2166 5389 2240 5440 con·
2287 5387 2288 5394 ’
