4658 5818
175 280 181 294 ‘
213 273 292 355 199
781 259 1218 342 scelerosarum
1271 261 1378 342 blll.
1406 261 1490 344 llll.
1543 261 1675 342 1551.
2182 267 2250 342 800

208 471 293 521 nnn
309 469 382 518 esse
396 443 553 518 virtutis:
578 465 618 512 ac
633 439 740 512 simul
754 435 903 511 honeste
918 437 1004 508 colit
1017 431 1207 528 hospitalia*
1261 437 1297 506 in
1317 435 1448 530 quibus
1462 437 1622 508 fortassis
1637 435 1774 531 aliquid
1796 449 1849 511 est
1860 459 2027 510 versuum
2051 451 2112 511 aut
2133 455 2249 512 narra·

207 551 297 624 iura.
349 545 428 618 Tali
446 545 595 616 consilio
618 541 859 636 peregrinanti
881 541 1014 611 iustum
1029 551 1081 608 est
1100 535 1207 606 vicis-
1261 541 1401 608 tionum
1417 541 1514 632 quod
1529 540 1667 610 iuvelsit
1682 539 1808 629 legere.
1854 533 2248 614 Adiunxeruntillino-

208 653 274 722 sim
291 646 477 738 hospitalia
493 647 607 716 oilicia
626 657 816 737 praestare:
839 667 929 736 quae
944 641 1088 734 quidem
1104 637 1208 708 iusti·
1260 639 1322 710 stri
1343 633 1501 730 hospites
1517 641 1586 712 sibi
1608 642 1773 712 comitem
1797 637 1895 712 bunc
1916 637 2127 713 Iohannem
2151 638 2250 713 Lon·
2311 665 2312 676 ¹

207 753 255 830 tia
273 764 306 822 et
322 751 403 822 Deo
418 762 514 838 grata
532 761 593 831 est,
619 761 652 816 et
669 749 764 838 apud
779 767 902 816 oannes
917 757 1047 832 gentes,
1072 741 1111 810 in
1125 739 1207 832 qui-
1260 737 1438 821 rentiam,
1465 765 1538 812 non
1554 743 1669 812 solum
1687 757 1728 814 ut
1745 742 1972 834 interpretem
1995 747 2073 816 istic
2093 740 2247 827 habeant,

208 856 277 926 bns
302 851 501 921 intellectus
529 849 670 918 virtutis
700 849 786 927 suit,
824 847 965 916 laudata
993 856 1056 914 est.
1114 839 1206 910 Nota
1259 843 1441 911 sedetiam
1458 839 1657 938 πρόξενον,
1682 867 1790 938 aquo
1811 847 2248 917 adductosvirosducau-

207 965 291 1029 sunt
309 951 403 1023 enirn
420 951 586 1020 omnibns
604 949 751 1020 eruditis
768 971 825 1033 ea,
849 969 938 1039 quae
955 944 1095 1036 sapiens
1112 941 1208 1012 anti·
1259 965 1327 1016 rur.
1369 941 2156 1048 Harneeatamnbicommendo„benevale
2191 948 2250 1018 Die'

208 1055 326 1154 quitas
349 1055 393 1123 de
418 1053 552 1122 iustitia
583 1064 617 1121 et
642 1045 800 1120 honestis
828 1043 1025 1139 hospitibus
1056 1043 1206 1134 scripsit.
1258 1047 1320 1120 at.
1337 1041 1434 1114 lunii
1455 1047 1564 1122 1551.

209 1159 330 1248 Quare
344 1177 469 1224 omncs
484 1147 651 1224 honestos
666 1151 780 1235 viros,
804 1150 849 1220 ad
866 1169 955 1242 quos
973 1141 1033 1216 hic
1045 1137 1207 1214 Laelius
1774 1143 1963 1242 Philippus
1979 1146 2203 1224 Melanthea.

209 1258 350 1342 reniet,
374 1281 457 1340 oro,
484 1269 525 1325 ut
547 1255 650 1322 etiarn
674 1266 818 1345 propter
837 1243 1101 1320 honestissimas
1123 1269 1207 1314 can-

208 1383 266 1430 sas
282 1357 419 1451 privato
437 1353 586 1426 consilio
601 1355 894 1445 peregrinantem,
920 1363 956 1420 et
970 1349 1067 1442 pacis
1084 1371 1208 1415 aman·
1276 1387 2241 1410 ------------.-...-.......-.......-
2312 1389 2313 1428 3

209 1476 299 1540 tem,
326 1482 365 1528 ac
387 1481 531 1548 prorsus
556 1457 713 1526 alienurn
736 1480 756 1524 a
774 1477 897 1545 regum
917 1466 953 1522 ct
973 1449 1206 1542 imperiorum
2312 1465 2313 1468 ¹

210 1559 379 1650 negotiis,
418 1571 577 1628 amanter
608 1557 793 1646 excipiant.
856 1549 1039 1624 Homerus
1073 1549 1206 1642 inquit:
1272 1557 1463 1634 11114919,
2114 1567 2245 1638 mm

210 1659 346 1732 Fratris
369 1661 447 1728 loco
471 1660 664 1751 sapientem
689 1654 870 1726 hominem
894 1677 967 1724 esse
991 1648 1207 1722 habendum.
1262 1657 1477 1696 m
2123 1663 2247 1692 ww

210 1761 445 1850 Sicegoeum
463 1761 777 1852 complerussurn:
804 1781 869 1828 nec
885 1755 1023 1838 dubito,
1041 1750 1209 1824 honestos
1606 1745 1676 1832 M,
1710 1745 1902 1834 collino,
1959 1793 1963 1800 .

201 1877 250 1940 et
270 1863 461 1954 prudentes
480 1862 593 1946 viros,
618 1884 698 1930 cum
721 1861 830 1952 ipsius
845 1855 1070 1950 prudentiam
1092 1877 1132 1922 ex
1154 1853 1209 1922 la·
1329 1917 1404 1984 ω
1423 1935 1507 1990 ¹9⁰8?
1534 1915 1562 1970 in
1581 1919 1634 1974 cor
1664 1919 1747 1978 m
1764 1920 1792 1974 D
1817 1849 1915 1976 L‘w

211 1964 416 2036 miliaribus
432 1963 619 2055 colloquiis
636 1961 881 2048 cognoverint,
907 1971 941 2028 et
962 1957 1115 2046 optimos
1132 1977 1210 2022 mo·
1507 1953 1515 1970 '
1637 1959 1644 1974 '
1793 1959 1801 1976 '
1915 1963 1923 1981 ⁴

214 2062 567 2146 namnetensem,
598 2063 750 2132 libenter
773 2085 854 2132 eum
873 2061 910 2130 io
935 2051 1129 2130 amicitiani
1146 2057 1209 2124 au-
1262 2067 1513 2142 Marthaeo
1539 2055 1751 2162 Callida,
1778 2077 1817 2146 in
1839 2071 2039 2147 Academia
2066 2067 2250 2174 Progensi.

214 2167 383 2238 missuros
402 2189 486 2236 esse.
537 2161 616 2234 Oro
640 2165 744 2234 etiam
768 2175 949 2232 aeternnm
971 2159 1112 2230 Patrem
1136 2156 1209 2228 Do·

214 2268 303 2339 ruini
320 2267 431 2336 nostri
452 2261 479 2337 l.
494 2263 554 2350 C.,
575 2266 798 2334 conditorem
820 2277 854 2334 et
876 2263 1056 2332 custodem
1074 2257 1211 2348 generis

213 2365 381 2452 humani,
406 2381 445 2437 ut
464 2363 558 2438 hunc
574 2360 752 2434 Laelium
770 2365 944 2436 ctrstodiat
965 2375 998 2432 et
1016 2363 1054 2430 in
1072 2361 1211 2442 itinere,

215 2485 251 2543 nl
272 2483 346 2542 toro
362 2471 454 2540 ritae
472 2483 647 2558 tempore,
672 2473 712 2536 ul
734 2467 800 2536 lter
821 2465 1005 2536 facientem
1024 2461 1128 2532 laceb
1149 2485 1212 2528 cu·

216 2572 374 2644 stodivit.
432 2566 530 2638 Beue
554 2570 678 2638 valete.
740 2567 852 2642 Datne
877 2565 1128 2653 Witcbergae,
1153 2561 1212 2630 die

214 2669 406 2754 20.·lunii,
433 2666 541 2740 dune
563 2666 671 2746 1551.

1263 2209 1310 2298 S.
1333 2221 1377 2296 D.
1428 2219 1617 2294 Carissime
1640 2225 1761 2300 irater.
1815 2226 1923 2297 Vetus
1943 2228 2131 2298 celebritas
2149 2227 2252 2315 gentis
2313 2237 2314 2304 3

1263 2340 1396 2393 vestrae
1411 2339 1444 2394 et
1460 2325 1553 2393 lama
1574 2327 1907 2400 virtutismaiorum
1928 2342 2147 2412 vestrorum,
2169 2351 2251 2396 raou-
2313 2321 2314 2412 1

1263 2423 1354 2495 nihil
1372 2427 1477 2496 etiarn
1493 2427 1604 2496 nostri
1621 2431 1665 2496 de
1680 2443 1739 2498 tua
1757 2430 1886 2500 virtute
1902 2443 1936 2498 et
1958 2431 2163 2498 eruditione
2185 2453 2250 2519 ser·

1263 2551 1404 2612 mones,
1428 2543 1618 2599 moverunt
1630 2522 1781 2597 Lelium
1796 2525 1993 2614 Sorinnm,
2019 2532 2137 2598 vicum
2156 2529 2250 2598 nobi-

1264 2632 1351 2711 lem,
1384 2629 1496 2698 lilium
1529 2631 1707 2722 praecipui
1739 2629 1984 2702 Iurisconsulti
2009 2629 2251 2712 Bononiensis,

684 2759 1160 2862 PhilippusMehmhffion·
1265 2727 1437 2820 hospitem
1462 2753 1598 2815 meurn,
1629 2745 1670 2800 ut
1692 2745 1727 2802 et
1749 2735 1873 2801 urbem
1900 2745 2051 2802 vestram
2080 2733 2201 2801 videre
2222 2743 2251 2798 et

1264 2848 1378 2903 tecum
1394 2831 1549 2924 colloqui
1564 2847 1715 2924 cuperet.
1758 2831 1937 2924 Intelliges
1952 2857 2024 2902 esse
2041 2833 2159 2903 virum
2175 2855 2251 2926 prn-

1263 2936 1422 3016 dentem,
1448 2945 1483 3000 et
1503 2956 1565 3022 ego
1589 2933 1764 3022 integrum
1787 2959 1859 3005 esse
1884 2937 2039 3020 albrm03
2067 2961 2107 3004 ac
2125 2937 2252 3003 sincera

1142 3095 1156 3160 Ι
1262 3034 1377 3107 studia
1409 3035 1591 3104 doctrinae
1614 3033 1793 3104 Ecclesiae
1819 3049 1922 3109 amat.
1975 3037 2096 3124 Quare
2122 3049 2159 3105 te
2186 3061 2252 3116 oro,

213 3103 414 3232 Q·
1065 3107 1211 3222 U
1264 3147 1303 3206 ut
1318 3159 1398 3205 eum
1415 3147 1575 3204 amanter
1590 3137 1757 3228 excipias,
1784 3137 1886 3230 eique
1900 3151 2067 3230 tauquam
2084 3131 2251 3234 πρόξενος
2314 3141 2315 3228 l

542 3283 629 3371 Ad
668 3279 720 3368 Α
790 3283 818 3362 Ἰ
1263 3239 1308 3305 ad
1329 3237 1480 3305 aliorum
1502 3239 1679 3306 bonorum
1702 3254 1736 3309 et
1758 3241 1942 3308 doctorum
1964 3239 2126 3308 virorum
2150 3239 2252 3308 collo-
2314 3231 2315 3278 l

628 3347 639 3370 ⁸
720 3309 797 3393 qm
817 3306 885 3365 αὖ·
1264 3337 1346 3430 quia
1362 3337 1497 3405 aditum
1518 3341 1720 3428 patefacias,
1743 3365 1897 3434 quorum
1913 3341 2041 3431 probas
2056 3343 2250 3408 candorem.

230 3429 237 3438 ’
282 3445 361 3522 sse
380 3445 535 3522 apographo
556 3447 584 3502 in
603 3443 664 3500 cod·
682 3441 766 3498 Paris.
788 3442 827 3497 D·
846 3439 875 3494 Ι*
890 3439 951 3494 ⁵4⁴·
1266 3441 1316 3510 lle
1339 3439 1519 3528 republica
1542 3463 1608 3508 nec
1626 3441 1713 3510 libet
1734 3443 1905 3526 scribere,
1930 3465 1995 3510 nec
2019 3437 2133 3510 habco
2155 3463 2252 3527 argu-

1265 3553 1422 3608 mentum
1441 3533 1643 3639 ἁξιόλογον.
1695 3541 1767 3612 Nos
1787 3544 1879 3613 inter
1900 3538 1966 3611 hos
1981 3543 2109 3612 ductus
2132 3557 2170 3612 et
2191 3542 2251 3607 ius·

1266 3641 1442 3732 periurum
1461 3645 1632 3711 tumultus
1654 3639 1719 3712 hac
1734 3667 1798 3712 nos
1819 3643 2063 3714 consolatione
2085 3655 2251 3712 sustento-

1264 3767 1360 3828 mus,
1388 3745 1482 3836 quod
1500 3746 1629 3813 scimus
1648 3745 1721 3813 lilio
1736 3745 1803 3815 Dei
1818 3743 2011 3814 Ecclesiam
2028 3767 2143 3831 suam,
2170 3757 2203 3814 et
2218 3743 2251 3808 in

1264 3869 1302 3914 ea
1326 3869 1391 3913 nos
1416 3869 1556 3938 quoqne
1574 3848 1666 3916 cives
1686 3843 1881 3929 Ecclesiae,
1909 3869 2012 3915 curae
2035 3869 2125 3932 csse,
2152 3865 2250 3940 qoam

82 3975 85 3987 ⁴
212 3945 264 4035 S·
289 3959 337 4032 D.
387 3947 739 4026 Carissimeddame.
792 3943 902 4014 Vetus
919 3944 1103 4014 celebritas
1126 3965 1211 4032 gen·
1263 3970 1363 4036 spero
1380 3961 1599 4014 servaturum
1615 3971 1705 4034 esse,
1732 3950 1821 4017 sicut
1834 3972 1948 4038 nuper
1963 3947 2002 4016 in
2019 3950 2250 4017 errrrrdatiooe

212 4066 259 4134 tis
275 4073 409 4128 vestrae
425 4071 459 4124 et
474 4057 569 4124 lama
583 4051 723 4122 virtutis
738 4049 914 4116 maiorum
931 4061 1129 4116 vestrorum
1146 4040 1211 4112 ho·
1264 4045 1386 4115 Maeni
1405 4047 1556 4116 servavit
1571 4047 1741 4118 infantem
1755 4050 1792 4117 in
1808 4051 1909 4118 cunis
1925 4051 2111 4142 abreptum
2137 4063 2171 4118 ct
2194 4045 2249 4116 tri·

211 4165 320 4254 spites
342 4160 513 4252 quosdam
539 4167 680 4222 nostros
703 4150 834 4231 movit,
859 4161 900 4216 ut
919 4149 1038 4216 videre
1062 4145 1210 4236 Pragam
1263 4150 1329 4217 bus
1359 4149 1572 4218 milliaribus
1594 4151 1749 4220 delatum
1773 4154 1817 4218 ad
1840 4151 1954 4242 ripam
1982 4147 2250 4220 Francoiordia-

212 4259 445 4338 decreverint.
511 4251 662 4326 Causam
702 4249 994 4340 peregrinationis
1025 4243 1210 4318 honestam
1263 4273 1355 4332 nam,
1372 4251 1433 4320 uhi
1449 4249 1637 4320 incolumis
1651 4266 1684 4322 et
1698 4253 1815 4320 salvus
1831 4251 1948 4320 infans
1962 4252 2001 4320 in
2016 4251 2078 4320 illa
2093 4273 2158 4322 sua
2173 4273 2249 4338 argu

212 4347 363 4446 hbent,
389 4377 423 4432 et
438 4362 527 4448 dno,
552 4376 704 4448 quornm
720 4351 808 4418 alter
827 4349 932 4420 ltalus
950 4365 1010 4434 est,
1036 4349 1123 4420 alter
1141 4347 1211 4418 Po·
1263 4351 1301 4418 in
1319 4351 1703 4444 cunisapiscatoribus
1718 4367 1879 4444 exceptus
1894 4365 1955 4422 est·
2005 4351 2123 4422 Huius
2139 4376 2248 4423 exem·

212 4473 329 4548 lanus,
346 4465 383 4530 iu
398 4460 543 4530 familiis
559 4455 742 4526 nobilibus
759 4451 832 4520 uati
850 4463 944 4521 sunt.
982 4449 1091 4546 ltalus¹
1108 4443 1210 4518 Lae·
1262 4451 1313 4542 pli
1327 4454 1565 4522 narrationem
1582 4455 1763 4544 sperabam
1778 4453 1844 4524 tibi
1860 4453 2051 4524 iucundam
2067 4455 2156 4536 lore,
2173 4453 2246 4521 ideo

214 4555 520 4653 liasSozc'nas*)
547 4570 717 4628 natusest
738 4547 1095 4646 patreSozino,qui
1116 4575 1210 4623 nunc
1262 4553 1442 4644 adscripsi.
1498 4553 1570 4624 Nec
1596 4555 1741 4640 dubito,
1774 4555 1945 4624 divinitus
1967 4568 2145 4623 servatum
2172 4576 2248 4622 esse

213 4667 423 4762 praecipuus
444 4661 716 4728 lurisconsultus
734 4671 802 4734 est,
830 4669 862 4726 et
878 4651 1063 4722 Bononiae
1084 4675 1210 4742 magna
1262 4651 1358 4724 Beue
1381 4669 1415 4724 et
1437 4655 1586 4726 feliciter
1601 4657 1688 4728 vale.
1739 4653 2018 4739 Dicenlunii,
2043 4651 2153 4728 1551.

213 4757 401 4843 autoritate
425 4765 538 4832 decet.
592 4757 668 4850 lpse
689 4751 849 4826 Laelius
876 4755 921 4824 ad
947 4768 1081 4824 caetera
1104 4777 1209 4852 orna-

213 4859 331 4942 nieuta
364 4867 471 4938 etiam
508 4859 744 4932 eruditionem
780 4859 936 4942 addidit,
975 4881 1015 4926 ac
1045 4853 1210 4946 inprimis
1270 4881 1362 4893 -··

213 4949 308 5043 amat
323 4967 520 5039 doctrinam
537 4957 714 5032 Ecclesiae
729 4955 981 5048 incorruptam.
1026 4951 1075 5028 Et
1091 4971 1142 5026 est
1155 4957 1210 5024 vir

211 5071 348 5160 integer
366 5042 587 5158 'etprudens
639 5058 760 5148 Quare
777 5071 811 5126 te
826 5083 908 5136 oro,
935 5073 976 5128 ut
990 5083 1070 5128 eum
1088 5083 1208 5126 aman·
1263 5022 1454 5150 Q·
1949 5123 1952 5130 ,
2002 5122 2005 5133 ,
2074 5025 2239 5166 Q

211 5185 267 5243 ter
282 5167 534 5258 complectaris.
577 5161 683 5234 Mitto
701 5161 767 5230 tibi
783 5160 935 5250 pagellas
951 5161 1208 5243 recenseditas,
1738 5223 1742 5237 ¹
1785 5223 1793 5246 ι
1911 5219 1917 5232 ,
1961 5142 1966 5166 ’

212 5323 438 5372 <as-e—
1062 5273 1067 5284 ·
1568 5223 1635 5310 ln.
1667 5219 1969 5341 Aarcfadrm

248 5425 277 5492 ἰ)
298 5421 366 5471 Vide
385 5435 428 5486 ep.
446 5415 660 5470 antecedentem.
952 5427 956 5434 ’
1008 5396 1020 5440 '⁸
1066 5443 1071 5454 ·
1106 5429 1111 5440 '
1134 5426 1138 5438 ⁸
1330 5415 1512 5490 †Exepogr.
1525 5415 1628 5474 inend.
1642 5415 1726 5472 Paris
1744 5413 1823 5472 Ma.
1837 5416 1899 5478 ⁶4⁸.

213 3601 439 3678 Erudita'one
455 3610 486 3670 et
506 3598 636 3670 virtute
650 3591 862 3696 praestanti
875 3585 911 3660 A
918 3586 1049 3659 domo
1066 3585 1101 3657 A
1108 3587 1189 3686 qui
1193 3631 1213 3646 -

213 3707 304 3789 lae,
323 3700 553 3801 gubernanti
568 3695 697 3818 stadia
715 3693 886 3812 literaria
905 3691 945 3762 in
960 3687 1093 3792 oppido
1103 3686 1212 3760 Lito-

423 3845 439 3896 ,
507 3824 677 3881 mercem,
704 3821 822 3869 amico
841 3819 920 3878 sao,
