4642 5808
9 279 10 368 3
92 265 155 354 ns
651 249 1091 335 unsrooanuu
1147 243 1344 328 ornus
1396 244 1531 326 roas.
2038 253 2114 333 rso

9 375 11 504 l
89 437 192 512 ebena
212 459 290 508 oon
312 453 406 522 esse,
431 423 538 528 spero.
558 451 637 519 ros,
662 451 703 502 aa
719 453 795 502 nou
808 427 1073 522 improbaturus
1124 417 1210 494 haec
1224 443 1338 494 uuum
1353 413 1461 492 habet
1474 430 1595 512 caput,
1618 417 1715 494 uude
1727 433 1801 498 tota
1817 425 1912 502 salus
1932 425 2008 503 eius
2021 418 2116 526 pcnss

88 565 162 616 esse.
236 533 375 612 Addidi
408 558 498 630 quae
534 534 580 606 ad
613 532 884 626 explicationem
913 527 1073 614 canonic,
1122 527 1199 611 det,
1232 524 1282 594 sic
1303 543 1369 594 uos
1391 535 1561 615 tanquam
1581 524 1743 596 membra
1760 529 1918 600 eiusdem
1933 529 2113 607 Ecclesiae

87 663 226 736 eamque
250 639 474 711 commodam
496 649 533 708 et
556 659 637 706 cum
657 657 764 705 sensu
785 645 988 705 sanctorum
1003 629 1073 701 Pa-
1122 625 1438 698 internoscimus
1465 637 1634 716 perpetuo
1663 625 1863 717 coniuncti,
1910 645 2016 729 atque
2037 659 2112 710 uno

86 756 287 838 trumatquc
301 739 430 810 veteris
438 733 617 808 Ecclesiae
629 747 880 828 congruentem
892 733 1072 827 pertinere
1121 730 1265 801 taudem
1295 726 1416 798 animo
1445 738 1550 821 atque
1572 749 1635 796 ore
1662 749 1794 800 nomen
1815 732 1912 805 illius
1935 739 2114 810 sanctissi-

86 845 259 916 ridentur:
285 838 512 934 aequoniam
537 837 766 926 confidimus,
790 835 1072 908 vosuniversam
1120 854 1218 902 mum
1241 829 1469 900 celebremus.
1528 825 1650 922 ltaque
1677 853 1759 900 cum
1787 833 1832 904 de
1854 837 2035 927 doctrina,
2067 842 2113 913 de

84 941 272 1018 Ecclesiam
291 937 429 1014 Christi
451 939 580 1011 animis
610 937 814 1031 complecti,
853 937 1071 1009 arbitramur
1120 927 1278 1004 Ecclesia
1293 931 1439 1026 eiusque
1456 921 1671 1002 authoritate
1685 945 1720 1004 et
1736 945 1923 1026 potestate,
1938 940 1982 1011 de
1997 964 2113 1014 sacra-

84 1060 303 1118 nontantum
318 1041 456 1115 moveri
467 1063 531 1113 voa
548 1063 650 1134 posse
664 1041 851 1126 sententia,
865 1063 971 1134 quam
984 1037 1068 1109 scri-
1119 1034 1250 1107 mentis
1274 1033 1429 1129 denique
1452 1031 1523 1102 iam
1557 1033 1745 1104 conveniat
1768 1035 1862 1108 inter
1883 1063 1968 1123 nos,
2010 1045 2046 1115 e‘t
2071 1069 2113 1135 ea

35 1215 38 1224 .
84 1149 211 1241 psimus
225 1170 310 1232 nos,
337 1167 445 1240 quam
458 1155 617 1237 suscepta
632 1155 749 1214 vestra
765 1145 809 1214 ad
826 1143 1071 1212 benemeren-
1119 1137 1329 1228 probemus,
1354 1159 1444 1230 quae
1463 1157 1484 1204 a
1501 1131 1661 1206 Caesaris
1684 1137 1833 1208 consilio
1855 1152 1961 1234 atque
1981 1147 2112 1216 volun-

84 1253 162 1321 dum
173 1245 384 1320 deEcclesia
395 1267 435 1316 ac
451 1240 741 1337 eorporeChristi
754 1245 946 1316 voluntate.
975 1239 1070 1314 Ani·
1121 1250 1193 1308 tate
1210 1231 1404 1310 christiano
1421 1235 1534 1306 aliena
1550 1259 1625 1306 non
1639 1251 1742 1322 sunt,
1768 1263 1842 1310 non
1859 1243 2000 1316 videtur
2014 1271 2113 1316 com-

83 1351 330 1422 madrcrtimus
346 1344 479 1431 Deum,
499 1344 706 1418 utEeelesia
723 1367 785 1416 sua
803 1344 866 1416 sita
884 1345 923 1414 in
939 1344 1070 1436 parteis
1120 1339 1331 1411 mittendum
1354 1361 1446 1424 esse,
1471 1349 1512 1408 ut
1533 1339 1629 1431 quod
1656 1334 1824 1412 Maiestas
1838 1342 1929 1430 eius,
1962 1347 2018 1418 vel
2040 1344 2112 1420 Ec-

9 1445 10 1448 '
82 1454 243 1522 distracta
257 1451 432 1542 planeque
446 1449 651 1541 perturbata
667 1448 811 1518 tandem
823 1446 1070 1526 constituatur,
1121 1441 1224 1510 clesia
1245 1439 1364 1534 potius
1385 1463 1449 1532 per
1470 1461 1547 1508 eam
1569 1439 1719 1534 loquens
1735 1443 1780 1512 de
1795 1445 1964 1518 sacrificio
1982 1445 2112 1524 Missae

83 1554 242 1624 excitasse
259 1549 468 1634 Caesarem,
492 1563 534 1621 ut
556 1573 599 1621 eo
620 1543 790 1638 authore,
816 1571 905 1642 quae
929 1568 1070 1616 causam
1121 1543 1245 1626 tradit,
1271 1563 1522 1632 aspernemur,
1548 1543 1641 1610 etde
1661 1564 1702 1611 eo
1725 1563 1841 1630 sacro,
1868 1549 1963 1640 quod
1988 1552 2112 1642 singu·

82 1655 254 1726 dederuut
266 1649 527 1745 perturbationi
543 1649 620 1734 tali,
646 1651 703 1740 vel
717 1650 891 1722 tollantur
913 1647 971 1720 vel
990 1669 1070 1718 eor·
1119 1644 1188 1713 lari
1209 1643 1364 1714 eiusdem
1385 1639 1561 1712 Ecclesiae
1582 1663 1754 1714 consensu
1776 1649 2011 1739 approbatur,
2035 1655 2113 1726 liti-

84 1756 257 1846 rigantur,
281 1766 373 1826 etot
392 1753 508 1842 vigeat
522 1752 684 1824 doctrina
701 1773 807 1834 sona,
830 1763 866 1824 ct
881 1739 1069 1842 disciplina
1119 1765 1251 1835 gemus.
1300 1741 1392 1815 Cum
1406 1741 1610 1834 praesertim
1624 1747 1721 1839 quod
1736 1739 1917 1822 charitatis
1932 1777 2034 1831 causa
2054 1756 2112 1826 in-

84 1881 184 1950 quam
199 1871 359 1948 tempora
374 1853 614 1938 sustulerunt,
638 1865 841 1940 revocetur,
865 1875 906 1924 ac
919 1874 1009 1945 quae
1023 1851 1069 1922 ad
1119 1859 1265 1916 ventum
1282 1858 1386 1939 atque
1400 1844 1601 1918 institutum
1616 1857 1685 1932 est,
1705 1871 1747 1918 eo
1769 1848 1845 1920 aine
1859 1851 1958 1942 gravi
1972 1855 2112 1948 piaculo

83 1959 244 2050 pietatem
256 1957 439 2026 colendam
457 1954 863 2047 pertinentceremoniae
877 1953 1069 2024 restituan.
1119 1949 1164 2017 ad
1180 1947 1393 2033 discordiam
1408 1959 1514 2040 atque
1529 1948 1831 2038 perturbationem
1848 1955 1946 2024 abuti
1964 1957 2110 2030 minime

84 2073 147 2134 tur.
209 2057 373 2147 Quarum
398 2079 515 2126 rerum
539 2069 685 2126 eventus
704 2057 735 2126 si
752 2055 878 2147 optimi
893 2053 1070 2145 Principis
1120 2048 1315 2141 possimus,
1344 2049 1494 2121 aeside
1515 2047 1674 2119 moribus
1690 2045 1884 2140 Ecclesiae,
1908 2057 2036 2129 ritibus
2057 2073 2112 2131 at-

83 2160 236 2232 consiliis
250 2157 485 2251 responderit,
509 2157 611 2228 brevi
625 2151 1070 2248 recuperabuntEcclesiae
1121 2174 1189 2244 que
1202 2149 1411 2221 ceremoniis
1432 2149 1544 2232 idem,
1569 2162 1610 2219 ut
1623 2151 1809 2238 debemus,
1835 2157 2022 2244 sentimus,
2049 2186 2114 2234 cur

82 2253 198 2352 pacem
213 2283 332 2340 suam,
354 2281 595 2352 eamquecum
612 2257 724 2348 gloria
739 2253 873 2330 Christi
889 2269 923 2326 et
937 2255 1070 2327 multo-
1120 2264 1294 2341 receptam
1327 2273 1367 2320 ac
1394 2248 1629 2321 diuturnitate
1654 2255 1823 2344 temporis
1849 2261 2113 2336 corroboratam

83 2387 157 2432 rum
184 2361 296 2432 salute
318 2359 556 2432 coniunctam.
615 2357 723 2448 Quod
744 2372 846 2430 tanto
873 2359 1070 2448 optandum
1121 2351 1267 2423 canonis
1287 2350 1457 2437 sormam,
1478 2375 1625 2446 canaque
1644 2353 1793 2446 probam
1815 2379 1898 2429 sanc
1913 2373 1947 2430 et
1961 2385 2060 2434 sacro
2071 2357 2112 2456 ⁴⁵)

84 2477 129 2533 est
144 2463 275 2551 magis,
301 2473 434 2556 quanto
447 2455 691 2530 vehementius
708 2459 952 2532 contentiones
971 2483 1010 2528 ac
1024 2458 1072 2527 ti.
1121 2452 1252 2524 Missae
1267 2455 1584 2538 accommodatam,
1608 2454 1865 2545 improbemus,
1879 2485 1953 2530 non
1968 2465 2114 2556 quidem

83 2579 128 2634 tes
142 2560 274 2634 hurum
290 2576 489 2654 temporum
504 2561 602 2630 illam
618 2561 885 2634 labefactarunt.
932 2558 1024 2630 Nam
1038 2557 1071 2628 si
1120 2555 1235 2624 video.
1285 2551 1377 2624 Nam
1400 2553 1431 2624 si
1452 2555 1548 2624 ullae
1571 2553 1661 2625 aliae
1681 2579 1755 2644 res,
1782 2573 1874 2632 certe
1890 2587 1980 2656 quae
2001 2565 2041 2635 in
2055 2590 2113 2638 sa-

83 2665 163 2745 ulli,
201 2677 294 2734 certe
324 2663 388 2755 qui
412 2661 595 2754 religionis
620 2687 724 2734 eausa
757 2663 910 2734 existunt
942 2675 1072 2746 motus,
1121 2657 1190 2726 cris
1211 2649 1444 2735 adhibentur,
1477 2668 1649 2728 vetustate
1671 2657 1747 2750 ipsa
1773 2659 1909 2734 utiliter
1931 2689 2113 2740 commen-

9 2787 10 2792 ’
84 2767 251 2857 dissipare
273 2763 391 2833 solent
410 2757 600 2833 hominum
619 2765 803 2835 societates
824 2765 916 2834 bene
935 2763 1070 2834 consti-
1121 2756 1199 2828 dari
1214 2769 1495 2832 consueverunt·

9 2943 10 2952 χ
83 2881 191 2950 tutas,
223 2879 260 2938 et
277 2861 453 2935 Ecclesiae
475 2865 568 2956 ipsas
588 2863 767 2950 disiicere',
800 2865 900 2935 cuius
927 2864 1068 2956 quidem
1222 2853 1318 2928 Haec
1345 2857 1418 2928 lere
1445 2857 1630 2930 scribenda
1656 2861 1794 2951 putavi,
1825 2866 1936 2958 magis
1958 2881 1999 2940 ut
2022 2895 2115 2966 quae

83 2969 131 3038 rei
150 2969 258 3037 fidem
278 2965 415 3036 faciunt
436 2988 512 3035 nou
537 2964 653 3036 solum
675 2965 860 3058 peregrina
886 2968 946 3036 sed
962 2965 1067 3036 etiam
1120 2954 1211 3030 mihi
1225 2961 1268 3029 de
1285 2959 1464 3030 communi
1479 2960 1639 3032 omnium
1653 2961 1765 3034 salute
1774 2966 1943 3058 cogitanti
1957 2970 1996 3040 in
2011 2997 2115 3042 men-

82 3069 271 3140 domestica
313 3067 490 3158 exempla,
542 3079 578 3138 et
617 3066 700 3137 talia
741 3067 885 3162 quidem
920 3090 979 3154 ea,
1029 3079 1071 3137 ut
1121 3075 1192 3132 tem
1209 3061 1373 3131 venirent
1387 3060 1616 3154 explicarem,
1643 3087 1749 3158 quam
1764 3081 1805 3138 ut
1823 3081 1858 3138 te
1874 3069 1940 3141 ista
1955 3075 2115 3165 pruden-

81 3169 119 3242 iu
150 3169 314 3240 sensibus
346 3181 452 3261 atque
486 3167 599 3237 oculis
632 3168 765 3239 nostris
806 3169 1069 3264 quodammodo
1121 3162 1190 3248 tia,
1231 3161 1411 3248 doctrina,
1449 3163 1580 3235 virtute
1604 3179 1711 3260 atque
1728 3168 1841 3238 animi
1866 3173 2115 3264 magnitudine

80 3267 263 3342 haereant:
288 3269 499 3364 quominus
521 3269 708 3362 repudiare
731 3271 899 3340 debemus
916 3269 1069 3338 occasio·
1120 3261 1322 3354 Principem
1338 3287 1520 3334 monerem
1533 3278 1641 3359 atque
1651 3265 1926 3360 inflammarem,
1952 3276 2013 3370 qui
2028 3301 2115 3368 pro-

9 3367 10 3374 '
82 3369 410 3442 nemEcclesiarum
430 3370 753 3455 conciliandorum,
778 3368 989 3464 quamDeus
1007 3393 1071 3462 per
1121 3365 1179 3436 cul
1195 3364 1323 3450 dubio,
1349 3366 1489 3458 quoties
1510 3367 1641 3458 cogitas
1659 3383 1831 3462 quantum
1851 3374 1976 3446 debeas
1988 3373 2115 3450 Eccle-

80 3469 282 3552 tacerem,
305 3470 499 3542 voluntatis
520 3493 601 3540 suae
623 3471 891 3558 administrum,
921 3495 986 3562 pro
1008 3493 1070 3540 sua
1121 3466 1192 3536 siae
1217 3467 1341 3552 matri,
1365 3491 1453 3560 quae
1468 3481 1502 3538 te
1516 3463 1658 3540 Christo
1684 3471 1824 3560 genuit,
1846 3489 1880 3546 et
1898 3478 2046 3564 patriae,
2073 3482 2113 3550 in

80 3571 324 3646 misericordia
339 3571 554 3664 perbenigne
566 3571 681 3645 offert.
732 3569 841 3662 Quod
858 3572 953 3642 enim
969 3584 1070 3642 ante·
1121 3593 1191 3662 qua
1213 3567 1383 3657 dignitate
1406 3569 1588 3642 excellenti
1617 3571 1741 3656 liores,
1774 3578 1921 3666 suscipis
1943 3579 2114 3668 animum,

82 3671 144 3746 hac
158 3675 217 3744 vix
231 3697 373 3766 sperare
395 3661 630 3758 audebamus,
652 3674 690 3743 id
706 3697 802 3744 nunc
817 3673 989 3745 tribuitur
1004 3695 1071 3742 no·
1121 3681 1156 3739 te
1169 3693 1209 3739 ac
1222 3669 1353 3740 uirtute
1368 3670 1542 3742 maiorum
1558 3685 1700 3742 tuorum
1717 3674 1883 3765 dignum,
1909 3681 2000 3750 utin
2016 3684 2114 3773 paci-

82 3777 156 3860 bis,
187 3789 228 3846 ut
249 3775 336 3846 vitia
359 3787 393 3845 et
415 3774 651 3864 corruptelas,
685 3773 717 3844 si
742 3799 831 3868 quac
853 3775 1071 3858 insederunt,
1121 3771 1320 3860 ficationem
1335 3795 1558 3844 communem
1579 3768 1757 3844 Ecclesiae
1777 3791 1882 3872 atque
1900 3777 2113 3855 Germaniae

82 3877 190 3948 libere
205 3889 268 3946 aut
281 3875 406 3946 tollere
420 3890 483 3948 aut
502 3875 615 3946 vitare
632 3875 816 3966 possimus.
865 3871 920 3946 Ac
937 3875 1071 3968 dequi-
1120 3885 1261 3942 nostrae
1287 3873 1351 3943 tibi
1377 3873 1655 3946 incumbendum
1678 3889 1790 3966 putes.
1840 3879 1899 3952 Ad
1916 3907 2021 3976 quam
2036 3891 2118 3956 rem‘

83 3980 148 4048 bus
170 3977 353 4068 religionis
378 3990 519 4046 nostrae
540 3976 717 4069 capitibus
731 3969 879 4048 antehac
895 3978 991 4046 docti
1005 3971 1071 4046 ho-
1122 3999 1202 4044 cum
1223 3987 1322 4044 tanto
1347 3967 1415 4044 hoc
1431 3988 1589 4066 tempore
1606 3977 1709 4047 detur
1723 3981 1876 4066 occasio,
1902 4008 1997 4068 eam,
2023 3986 2053 4054 si
2077 4001 2113 4058 te

83 4080 195 4149 mines
209 4079 310 4150 iuter
326 4101 363 4146 se
385 4077 588 4168 litigarunt,
610 4079 739 4148 aeriter
753 4101 854 4164 saue,
881 4080 925 4148 de
938 4078 1069 4148 eisdem
1121 4074 1237 4166 ipsum
1253 4075 1423 4160 audieris,
1449 4101 1523 4147 non
1549 4077 1729 4163 admittes,
1755 4105 1820 4151 nec
1838 4079 2112 4157 Melanchthon

82 4178 208 4250 Caesar
228 4181 303 4270 ipse
328 4178 524 4270 interponit
548 4178 677 4270 parteis
699 4202 779 4250 suas
795 4180 1070 4274 quodammodo,
1121 4177 1160 4245 in
1174 4171 1356 4246 hoeoilicii
1371 4199 1497 4266 genere
1505 4179 1616 4250 deerit
1626 4195 1658 4251 et
1666 4181 1734 4250 sibi
1748 4183 1815 4272 ipsi
1829 4197 1863 4256 et
1878 4187 1981 4256 nobis
1993 4191 2114 4259 omni-

83 4293 122 4350 ut
136 4297 229 4368 recte
242 4305 282 4350 ac
296 4280 353 4372 pie
369 4279 552 4350 conciliari
567 4280 714 4372 possint.
1012 4327 1017 4342 1
1122 4278 1206 4357 bus,
1232 4291 1336 4370 atquc
1353 4279 1440 4348 adeo
1460 4282 1594 4372 patriae
1614 4285 1814 4369 communi,
1840 4300 1880 4356 ut
1901 4289 2047 4360 sublatis
2066 4292 2113 4360 li-

182 4380 295 4454 Venit
309 4381 418 4474 igitur
433 4397 570 4474 tempus
584 4381 693 4468 illud,
716 4401 796 4452 cum
810 4377 907 4452 Deus
921 4380 997 4472 ipse
1011 4381 1071 4450 dat
1122 4379 1216 4448 tibus
1243 4379 1399 4448 tandein
1415 4404 1435 4448 e
1456 4397 1578 4454 mutua
1607 4385 1856 4456 coniunctione
1887 4392 2114 4465 suavissimos

85 4483 179 4571 signa
200 4483 352 4553 illustria
365 4482 654 4575 vqluutatissuae
675 4495 710 4552 et
733 4505 799 4552 nos
820 4483 968 4552 obscure
992 4506 1071 4551 mo·
1121 4479 1213 4550 vitae
1226 4479 1361 4550 fructus
1374 4482 1572 4572 capiamus,
1599 4509 1664 4554 nec
1679 4509 1873 4576 pugnemus
1887 4493 2039 4583 amplius
2055 4495 2113 4564 in:

86 4575 204 4678 vest),
236 4597 279 4654 ut
300 4584 509 4672 cogitemus,
543 4607 616 4652 non
638 4583 938 4676 quemadmodum
959 4595 1070 4665 certe-
1122 4595 1274 4667 ternos,
1301 4585 1360 4651 scd
1375 4582 1545 4674 singulari
1561 4585 1763 4658 animorum
1786 4594 2017 4666 consensione
2034 4621 2113 4666 cor-

86 4707 162 4753 mus
175 4687 270 4756 iuter
285 4709 352 4758 nos
365 4685 538 4777 amplius,
563 4699 625 4755 aut
637 4678 935 4776 reprehendamus
953 4684 1070 4754 consi·
1120 4683 1275 4772 rigamus
1299 4707 1424 4774 prava,
1457 4686 1679 4758 restituamus
1703 4691 1854 4782 collapsa
1872 4707 1904 4764 et
1919 4689 2113 4767 Ecclesiam

86 4783 130 4854 tia
145 4783 302 4880 Caesaris
324 4786 477 4876 benigna
498 4810 539 4856 ac
559 4787 741 4872 salutaria,
766 4787 827 4856 sed
842 4785 958 4878 potius
980 4809 1068 4878 quo·
1122 4808 1367 4855 conservemus
1390 4799 1494 4880 etque
1516 4787 1754 4877 aedificemus,
1778 4806 1819 4864 ut
1843 4794 1881 4863 in
1901 4789 2008 4866 huius
2031 4811 2113 4868 tan-

88 4889 187 4956 modo
203 4888 376 4979 leniamus
391 4887 605 4970 exulcerata,
631 4891 665 4958 et¹
680 4911 736 4958 res
751 4899 887 4957 nostras
908 4887 958 4958 ita
973 4911 1071 4958 com·
1121 4886 1200 4954 dem
1231 4885 1367 4956 unitate
1389 4889 1428 4956 ac
1457 4891 1712 4983 tranquillitate
1737 4897 2044 4990 conquiescamus,
2074 4905 2115 4972 a'c

89 5011 275 5074 ponamus,
298 5003 340 5059 ut
354 4991 398 5058 de
412 4989 583 5078 religione
606 4988 699 5058 idem
715 5003 748 5059 et
764 4988 954 5058 sentiamus
969 5003 1003 5058 et
1016 4989 1070 5057 lo·
1120 4981 1302 5056 Christum
1320 4985 1514 5060 Dominum
1532 4995 1722 5064 concordes
1740 4997 1871 5082 colere,
1898 5010 1929 5067 et
1947 5023 1989 5069 ex
2005 4995 2113 5074 huius

89 5105 254 5178 quamue,
283 5113 324 5160 ac
347 5089 385 5160 in
413 5079 518 5160 domo
540 5091 695 5175 domini,
725 5114 815 5184 quae
834 5102 887 5160 est
904 5085 1070 5176 Ecclesia,
1120 5089 1221 5181 quasi
1236 5089 1333 5157 fonte
1349 5115 1439 5183 quae
1461 5093 1503 5163 ad
1530 5093 1677 5164 salutem
1694 5095 1796 5166 nobis
1814 5103 2005 5174 necessaria
2019 5119 2115 5192 sunt,

89 5193 274 5260 concordes
290 5183 450 5262 habitare
471 5192 664 5286 possimus,
689 5206 748 5279 ut,
772 5191 1067 5286 quemadmodum
1122 5185 1263 5260 haurire
1278 5194 1463 5281 possimus.
1515 5191 1615 5284 Quae
1637 5197 1686 5266 ita
1703 5197 1806 5268 nobis
1821 5199 1953 5276 tribuat
1968 5207 2112 5299 spiritus

93 5341 316 5364 Μ

123 5415 303 5484 *tl'ortmee
321 5434 378 5475 uon
390 5423 503 5477 Morare
518 5433 622 5478 monet.
1159 5408 1338 5480 *pawmg-
1378 5433 1380 5438 -
1404 5433 1409 5440 ·

1334 5481 1412 5568 10?
