4642 5808
66 273 132 348 ns
643 247 1079 348 ttetsrdtstsdu
1128 251 1329 344 uruat.
1378 257 1516 344 sese
2020 277 2096 356 ssa

76 415 184 516 doctos
203 454 274 526 est,
306 421 685 528 evatds'midaitm,
717 444 757 514 ut
782 425 887 512 etiam
913 423 1055 512 toneat
1102 449 1175 507 tere
1191 435 1424 506 decreveram.
1476 433 1584 526 Quod
1600 453 1717 512 autem
1734 439 1774 513 C.
1792 441 1836 518 V.
1853 445 1953 538 putat
1970 450 2093 540 probr-

76 545 134 616 'viri
146 544 185 612 in
199 537 327 612 Dassa
345 555 529 616 testentur.
565 542 706 633 Quaeso
722 541 818 618 utC.
833 541 877 618 V.
893 543 974 628 iam,
994 551 1055 612 aut
1101 551 1222 608 turum
1240 559 1314 608 esse
1328 549 1541 608 conventum
1559 553 1593 610 et
1607 539 1658 610 ibi
1676 547 1922 640 statuendum,
1941 549 2031 642 quid
2048 547 2094 620 ad

76 671 144 718 eum
175 644 332 736 primam
365 644 502 716 occasio
536 647 621 727 erit,
658 646 881 717 commendet
912 644 963 730 el,
998 642 1055 712 vel
1102 652 1297 709 extremum
1312 637 1492 708 defensuri
1512 638 1639 726 simus,
1664 665 1727 732 ego
1743 647 1862 736 potius
1878 663 1996 720 metuo
2019 651 2093 721 eius

74 745 237 818 Ecclesiae
270 745 421 816 alicuius
453 747 766 836 gubernationem,
812 747 870 816 vel
902 742 1055 818 Diaconi
1102 753 1299 812 conventos
1313 739 1505 812 certamina
1526 753 1561 812 ct
1577 742 1726 829 exitum3
1748 745 1822 818 Nec
1838 749 1891 820 ibi
1907 749 2094 842 disputan·

73 847 288 920 functionem.
345 844 478 938 Spero,
503 843 579 918 Deo
602 849 762 933 iuvante,
788 847 846 939 pie
867 859 900 920 el
919 847 1055 916 militer
1102 843 1188 911 dum
1210 841 1295 926 erit,
1325 842 1411 934 quid
1434 841 1586 912 retinere
1606 840 1774 932 velimus,
1804 871 1887 917 nam
1915 851 1996 920 aula
2018 876 2092 921 non

74 949 273 1018 serviturum
302 967 376 1016 esse
402 945 581 1020 Ecclesiae
606 947 686 1025 Dei.
735 946 828 1020 Nam
855 949 1054 1020 eruditione
1101 943 1179 1012 vult
1199 943 1268 1012 sibi
1289 937 1426 1034 imponi
1447 961 1537 1012 onus
1561 955 1622 1013 aut
1649 943 1847 1036 periculum
1871 947 1944 1020 ulla
1966 951 2093 1023 deleu-

73 1062 153 1120 reete
167 1049 360 1120 insuuctus
374 1061 443 1136 est,
469 1061 505 1120 et
519 1066 635 1120 mores
657 1063 743 1124 sunt
761 1051 866 1138 tales,
888 1060 932 1122 ut
953 1071 1054 1120 men·
1102 1043 1211 1114 dendi
1231 1046 1412 1133 dogmata,
1443 1040 1516 1113 Nec
1539 1065 1601 1134 ego
1629 1068 1688 1113 eos
1711 1050 1867 1119 onerabo
1891 1051 2095 1124 defensione
2150 1131 2153 1138 ,

72 1165 132 1220 tem
147 1171 226 1219 vere
243 1163 420 1220 amantem
438 1153 688 1243 essepietatis,
712 1165 746 1222 et
769 1173 950 1222 accensam
970 1171 1055 1222 vera
1100 1146 1158 1214 vel
1179 1145 1248 1215 mei
1267 1143 1454 1237 (ἶῠψῡῐῑῦ,
1482 1146 1539 1214 vel
1555 1167 1715 1216 metrum
1737 1152 2004 1227 sffllffllitmm·
2053 1152 2096 1224 Si

70 1251 140 1335 ide,
162 1249 334 1326 iudicent.
375 1245 454 1320 Oro
472 1251 591 1341 igitur,
615 1267 657 1324 ut
670 1251 711 1328 C.
729 1252 772 1323 V.
788 1253 962 1323 rationem
978 1252 1053 1322 eins
1090 1259 1215 1338 potest
1234 1245 1388 1318 obtineri
1402 1259 1547 1339 propter
1561 1267 1785 1320 communem
1801 1253 2095 1353 tranquillitatem

70 1347 196 1425 babeat.
233 1349 320 1421 Post
335 1353 488 1422 reditum
504 1375 622 1426 meum
639 1379 681 1425 cx
695 1347 824 1447 Terga
839 1353 957 1446 accepi
973 1353 1055 1424 lite-
1101 1371 1146 1418 ne
1167 1348 1313 1418 turbent
1332 1340 1525 1428 Ecclesiae,
1554 1347 1707 1422 libenter
1737 1351 1774 1420 in
1803 1347 1859 1422 his
1890 1354 2095 1452 regionibus

71 1475 119 1522 ras
134 1475 171 1520 cx
193 1451 318 1522 multis
338 1452 555 1543 regionibus.
605 1452 660 1526 Ex
686 1447 935 1552 Westpdalio
959 1450 1054 1546 pulsi
1100 1447 1276 1520 adiuvabo
1298 1447 1444 1533 Studia,
1470 1463 1503 1520 et
1525 1443 1622 1520 hunc
1642 1453 1839 1524 contessum
1861 1456 2008 1542 fovebo;
2033 1457 2096 1537 sed

72 1565 144 1622 sunt
165 1553 216 1643 pii
244 1553 535 1640 condonantes,
562 1567 599 1626 et
623 1553 763 1627 scholae
791 1557 1053 1648 gubernatores,
1101 1549 1130 1620 si
1146 1549 1360 1622 mutationes
1374 1551 1507 1624 luerint
1524 1551 1723 1640 pastoribus
1745 1555 1943 1648 praecipuis
1960 1580 2096 1648 gravet,

73 1667 102 1722 et
121 1653 353 1724 restimuutur
375 1655 427 1724 ibi
451 1679 595 1746 prorsus
615 1671 750 1728 veteres
773 1660 922 1742 abusus,
946 1655 1052 1726 etiam
1100 1674 1182 1740 non,
1190 1673 1251 1720 ero
1262 1651 1424 1736 adiutor,
1449 1666 1483 1724 et
1498 1653 1554 1722 vel
1569 1653 1692 1740 exilia,
1716 1656 1774 1724 vel
1788 1657 1961 1752 supplicia
1976 1659 2096 1750 potius

73 1767 178 1824 tantm
195 1753 330 1826 librum
339 1751 612 1849 Augustalium,
636 1772 672 1830 et
686 1760 802 1851 palam
815 1753 883 1830 hoc
897 1757 950 1830 ibi
964 1756 1053 1828 dici·
1099 1750 1294 1822 sustinebo.
1341 1751 1424 1824 Scio
1442 1775 1511 1838 mo,
1536 1777 1616 1822 cum
1633 1755 1838 1844 praesertim
1854 1759 1983 1830 luerim
2000 1759 2041 1830 in
2056 1783 2097 1837 ee

72 1867 135 1936 aar,
158 1854 294 1924 tibrum
316 1855 420 1926 illum
443 1880 518 1926 non
539 1859 715 1950 pertinere
738 1859 809 1930 nisi
831 1860 875 1930 ad
898 1881 983 1943 nos,
1012 1870 1053 1930 ut
1098 1865 1218 1945 parte,
1244 1873 1334 1946 quae
1348 1853 1439 1926 'victe
1456 1865 1526 1945 est,
1553 1871 1631 1924 non
1652 1857 1778 1928 dehere
1798 1881 1863 1930 nec
1879 1883 1980 1952 posse
2001 1861 2096 1955 leges

70 1953 197 2024 initium
208 1955 261 2026 sit
276 1957 485 2028 restituendi
498 1973 651 2030 veterem
668 1973 809 2036 statum.
868 1957 940 2032 Sed
956 1955 1053 2032 Deos
1100 1953 1295 2026 victoribus
1311 1955 1413 2040 serre,
1427 1957 1487 2024 sed
1502 1969 1621 2026 tamen
1636 1981 1710 2028 uon
1726 1973 1910 2052 propterea
1925 1975 1967 2034 ut
1980 1974 2096 2033 trans-

71 2070 217 2124 actemos
233 2054 340 2126 Pater
353 2053 500 2126 Domini
517 2055 631 2132 nostri
650 2059 727 2132 lesu
741 2057 876 2134 Christi
896 2060 1053 2132 crucifixi
1098 2055 1182 2145 luga
1195 2055 1294 2125 aliud
1309 2077 1419 2144 genus
1434 2057 1616 2126 doctrinae
1630 2059 1832 2149 amplectar,
1850 2075 1886 2134 et
1899 2087 1963 2132 oro
1978 2057 2096 2134 Deum

71 2179 125 2246 pro
146 2157 272 2242 nobis,
297 2170 332 2228 et
347 2157 561 2247 resuscitati,
585 2163 649 2255 qui
674 2163 836 2234 condidit
856 2185 965 2252 genus
982 2157 1052 2231 hu·
1099 2169 1140 2228 ut
1157 2179 1214 2225 me
1228 2169 1336 2244 regat.
1387 2152 1687 2228 Aulleaeironiae
1708 2163 2010 2235 eloctulltlffflltss
2031 2181 2096 2253 ³1¹.-

70 2279 219 2342 manum,
244 2270 280 2328 et
297 2258 380 2328 inde
403 2259 539 2350 colligit
559 2263 629 2333 sibi
648 2278 830 2334 aeternam
845 2259 1052 2346 Ecclesiam,
1098 2271 1183 2347 gent
1199 2251 1288 2328 mihi
1307 2256 1583 2328 sollicitudinem
1600 2273 1639 2332 et
1660 2261 1839 2347 dolorem,
1865 2264 1895 2334 si
1910 2260 1978 2336 hoc
1992 2287 2097 2356 praev

71 2369 98 2424 et
110 2379 166 2425 sua
176 2357 351 2428 immensa
367 2360 609 2434 misericordia
626 2366 723 2436 misit
739 2363 892 2452 Filium,
916 2379 949 2436 et
970 2389 1052 2456 pro·
1101 2359 1203 2449 cipue
1219 2371 1396 2452 spectant,
1419 2381 1464 2428 1¹0
1483 2357 1680 2450 Imperator
1702 2362 1880 2450 iffileluts
1906 2363 2022 2438 Cl0d0
2042 2367 2097 2436 fa·

72 2455 243 2528 missiones
265 2459 395 2544 edidit,
419 2481 494 2530 non
516 2465 609 2536 elnet
623 2467 782 2557 extingui
798 2467 913 2536 lucem
931 2463 1053 2536 Evan-
1096 2459 1168 2530 cile
1191 2459 1240 2528 eis
1260 2481 1333 2530 csse
1354 2459 1639 2530 benevolentiam
1656 2463 1733 2532 cius
1754 2464 1926 2554 retinere,
1948 2466 1978 2536 si
1999 2490 2097 2547 nuuc

70 2555 219 2644 geliisui.
273 2557 371 2630 Bene
392 2575 425 2632 et
439 2555 590 2639 feliciter
607 2568 722 2647 valcat
735 2565 1053 2640 celsitudo-verra.
1102 2561 1190 2630 duat
1213 2583 1268 2630 ret
1284 2571 1345 2630 flul
1363 2573 1433 2630 ¹⁸0⁸
1457 2559 1703 2648 immunem,
1727 2577 1768 2634 ul
1789 2565 1897 2636 filum
1913 2567 2037 2640 utilem
2062 2581 2098 2649 tl

70 2655 125 2728 Die
136 2659 195 2730 23.
212 2655 366 2736 Octobr.
384 2661 494 2740 1548,
1100 2674 1260 2732 sanctum
1275 2651 1603 2751 Confirmationis,
1626 2661 1753 2758 inquo
1774 2667 1928 2738 lacerent
1949 2689 2097 2744 examen

1038 2845 1040 2852 Ι
1101 2761 1313 2846 iuventutis,
1339 2773 1376 2832 et
1394 2760 1664 2854 professionem.
1713 2763 1802 2838 Item
1819 2768 1927 2840 ritum
1942 2765 2096 2842 Excome

1099 2860 1350 2933 monicationis
1372 2875 1406 2932 ct
1428 2863 1667 2953 poenitentiae
1692 2867 1867 2956 publicae.
1924 2867 2015 2944 Item
2037 2869 2099 2942 in·

70 2984 126 3056 ΝΟΙ
142 2985 258 3063 4394·
722 3031 726 3040 ,
891 3005 953 3076 24·
973 3003 1044 3070 om
1101 2961 1211 3054 eptias
1226 2963 1270 3036 de
1281 2962 1496 3034 abstinentia
1506 2961 1690 3039 Ceruium.
1710 2963 1815 3054 Quia
1827 2991 1918 3061 opus
1935 2983 1988 3044 est
1998 2993 2097 3043 nunc

72 3077 261 3120 vv»
888 3098 1052 3122 -w
1100 3063 1231 3134 addere
1244 3063 1340 3136 ,ritus
1354 3061 1505 3146 Missae,
1528 3089 1607 3138 cum
1630 3077 1685 3142 tut
1703 3067 1794 3138 aliae
1805 3071 1912 3148 urbes
1928 3084 1963 3146 et
1975 3083 2097 3162 gentes

460 3161 642 3263 Eidem,
1066 3180 1069 3192 ·
1094 3165 1265 3236 nondum
1280 3188 1356 3236 eam
1372 3165 1560 3251 mutarint,
1584 3167 1646 3237 sed
1662 3168 1917 3260 animadverto,
1942 3195 2018 3244 nou
2037 3195 2098 3244 so,

1099 3267 1176 3338 lom
1206 3259 1275 3336 boc
1300 3266 1357 3356 agi
1379 3279 1420 3338 ut
1447 3263 1701 3360 Imperatorem
1730 3265 1886 3347 babeant
1905 3273 2098 3368 placatum,

1066 3368 1068 3398 ²
1093 3368 1162 3439 ,scd
1183 3367 1295 3440 multo
1310 3368 1439 3457 magis,
1463 3379 1505 3441 ut
1519 3369 1860 3460 privatamMissam
1877 3397 2023 3466 prorsus
2038 3397 2096 3448 rc·

217 3487 442 3594 Gema,
470 3496 642 3604 prgmgpg
667 3500 890 3588 Anhang-M·
1100 3468 1259 3540 stituant.
1311 3466 1419 3557 Quod
1444 3467 1475 3537 si
1501 3471 1629 3542 volunt
1655 3471 1749 3558 lieri,
1781 3488 1941 3566 optarem
1969 3475 2006 3548 id
2035 3498 2096 3554 eos

126 3333 296 3393 3κὶωωὶ
309 3335 470 3399 Accesslou.
490 3342 551 3404 laist.
568 3292 727 3423 Anbaltp.
736 3351 796 3410 tlt.
854 3363 857 3372 ·

1099 3583 1218 3660 aperte
1232 3567 1358 3644 dicere
1403 3567 1494 3640 Nam
1510 3569 1582 3644 scio
1599 3595 1656 3640 me
1670 3573 1757 3663 ipsis
1769 3598 1843 3644 non
1859 3577 1987 3647 debere
2000 3577 2094 3668 leges
2194 3626 2202 3647 .

68 3621 370 3756 Reverendissime
393 3657 431 3762 et
445 3643 687 3722 illustrissime
701 3649 882 3747 Princeps.
929 3651 979 3726 El
998 3651 1052 3727 fui
1099 3671 1209 3756 lerre3
1233 3667 1462 3739 Discedereot
1482 3669 1607 3762 igitur,
1631 3673 1763 3765 quibus
1777 3676 1838 3744 illa
1854 3673 2092 3747 Ecclesiamm

68 3741 580 3826 naguomdoloredsscedens
593 3751 724 3844 Terga,
743 3755 826 3848 quia
841 3756 960 3841 video,
979 3781 1051 3851 que
1098 3769 1246 3840 mutatio
1267 3769 1482 3862 displiceret.
1540 3769 1684 3860 Quaeso
1705 3787 1746 3846 ut
1763 3772 1809 3850 C.
1831 3774 1876 3852 V.
1899 3777 2027 3868 cogitet
2040 3780 2093 3848 de

66 3849 209 3952 spectent
222 3839 326 3912 aulae
342 3847 500 3936 consilia,
526 3863 560 3922 et
577 3865 696 3924 metuo
711 3855 1051 3929 nostrarum‘Eccle·
1098 3871 1214 3942 tribus
1236 3870 1309 3941 illis
1327 3872 1449 3956 rebus,
1475 3894 1626 3965 quarum
1645 3875 1713 3944 feci
1734 3877 1965 3954 mentionem.
2013 3875 2092 3972 Effp

69 3941 487 4035 surumdissipationem,
512 3963 548 4022 et
560 3967 736 4026 auxerunt
750 3952 843 4027 mihi
859 3957 929 4030 iam
946 3961 1062 4030 dolo·'
1096 3971 1235 4044 mittam
1244 3993 1365 4043 msam
1379 3971 1669 4044 deliberationem
1685 3971 1726 4050 C.
1746 3961 1790 4049 V.

68 4015 277 4160 rcmTiiterae
296 4042 369 4137 Du.
395 4043 512 4139 lulii;
546 4053 610 4148 qui
633 4055 821 4147 significat,
854 4083 890 4130 se
914 4060 1049 4132 misisse

69 4140 274 4254 nobusuam
288 4149 519 4240 senteutiam,
544 4167 585 4225 ut
600 4153 748 4248 pedibus
767 4155 806 4230 in
824 4185 902 4232 eam
917 4161 1049 4234 iremus
1194 4169 1374 4244 Historica
1402 4167 1489 4243 baec
1512 4165 1645 4263 habeo:
1681 4169 1862 4252 Vesala’ae
1883 4175 2092 4274 simpliciter

69 4245 396 4364 tuedbpptatiooe.
445 4251 597 4328 Menon
615 4259 791 4337 delectant
804 4263 1049 4336 contentiones
1096 4274 1295 4346 restituitor
1315 4275 1431 4344 forma
1459 4269 1642 4346 doctrinae
1670 4291 1704 4347 et
1730 4279 1864 4350 rituum
1884 4279 2024 4373 ‘eapse
2055 4295 2091 4354 et

70 4339 103 4407 de
122 4345 320 4437 oblatione,
346 4353 406 4422 sed
428 4365 548 4426 tamen
570 4358 851 4451 videndumst,
876 4365 961 4458 quid
985 4389 1049 4458 pa·
1095 4375 1232 4468 expulsi
1245 4389 1329 4452 sont
1343 4373 1638 4451 omnesPastores
1653 4375 1960 4460 etGobernatores
1975 4378 2089 4464 Scho-

71 4453 164 4514 stores
202 4448 387 4552 praecipui
423 4460 599 4550 recepturi
636 4477 700 4534 aut
738 4465 924 4555 probaturi
964 4467 1058 4542 stne.
1096 4477 1232 4563 hrum,
1256 4461 1345 4572 uuae
1369 4477 1567 4548 doctrinam
1582 4501 1709 4568 puram
1729 4475 1939 4574 Evangelii,
1962 4509 2096 4578 propa-¹

69 4539 163 4636 Saepe
185 4550 300 4620 metui
320 4547 416 4624 hunc
436 4560 621 4650 scopulum
643 4564 688 4633 de
707 4565 897 4652 sacrificio,
922 4581 964 4638 ut
986 4566 1058 4640 co-'
1095 4592 1235 4670 gerunt.
1285 4576 1447 4672 Cumque
1470 4575 1604 4649 Civitas
1627 4593 1779 4672 peteret,
1798 4571 1844 4653 'ut
1866 4597 1986 4655 tamen
2002 4584 2090 4676 ipsis

70 4643 182 4722 ramC.
200 4647 247 4724 V.
262 4651 349 4727 dixi.
398 4651 589 4754 Postquam
606 4664 702 4732 enim
723 4680 907 4738 removent
927 4670 1058 4740 mani-¹
1093 4683 1365 4764 concederetur,
1387 4692 1427 4752 ut
1439 4691 1671 4774 sequerentur
1684 4681 1838 4764 formam
1860 4683 2088 4776 libriAugu-

67 4737 176 4862 lectum
189 4769 349 4822 errorem
362 4753 555 4832 adversarii
567 4765 611 4832 de
623 4759 802 4844 Sacrilicio
816 4791 881 4860 pro
896 4783 1047 4862 peccato,
1094 4779 1209 4866 amni,
1233 4803 1441 4873 responsum
1459 4793 1532 4868 est,
1556 4805 1639 4856 enm
1661 4783 1794 4856 librum
1816 4809 1891 4858 non
1911 4788 2087 4880 pertinere

70 4859 220 4970 sequetur
235 4853 429 4972 admodum
444 4859 592 4934 obscura
615 4865 828 4959 disputatio;
850 4869 910 4940 An
927 4885 1046 4942 tamen
1091 4883 1137 4952 ad
1167 4882 1343 4971 regiones,
1378 4882 1417 4951 iu
1442 4882 1574 4980 quibus
1599 4907 1675 4954 non
1706 4885 1842 4980 ubique
1874 4901 2022 4979 recepta
2039 4887 2087 4960 sit

70 4961 245 5026 neoeuarra
260 4967 308 5025 sst
320 4957 479 5032 oblatio?
528 4961 626 5036 Haec
644 4967 764 5044 noluit
776 4969 948 5062 explicere
961 4963 1045 5042 Lu·
1092 4977 1441 5062 doctrinaLutheri.
1490 4981 1587 5058 Haec
1610 4998 1704 5056 certa
1730 4999 1825 5063 sunt.
1874 4984 1949 5058 Cor
1976 4988 2087 5084 igitur

70 5035 194 5138 theras,
219 5067 257 5124 et
276 5057 423 5153 reliquit
441 5067 638 5154 posteritati
660 5093 737 5141 non
757 5071 836 5144 leve
858 5085 1044 5144 certamen.
1092 5081 1253 5154 iactitant
1268 5083 1399 5179 aliqui,
1424 5081 1557 5158 librum
1572 5083 1821 5178 Augustanum
1842 5085 1987 5168 initium
2011 5114 2086 5162 esse

67 5137 352 5271 Respondcndum
376 5175 495 5243 umen
516 5162 588 5244 un.
610 5164 715 5242 Iulio
735 5196 810 5246 esse
830 5198 977 5261 censeo,
1008 5190 1043 5249 et
1089 5185 1310 5276 propagandi
1339 5183 1527 5275 Evangelii
1556 5189 1652 5280 apud
1685 5187 1772 5266 alias
1802 5189 1947 5276 gentes?
1991 5187 2085 5262 Cor-

70 5265 130 5338 ttpr
158 5257 310 5330 scribere
341 5263 386 5333 de
416 5266 588 5341 sacrificio
614 5295 721 5366 wem
751 5275 1043 5368 moderatissime,
1081 5285 1226 5376 neptale
1241 5287 1360 5380 potius
1375 5301 1429 5360 est
1442 5288 1586 5360 obtunsa
1600 5287 1718 5368 nobis.
1767 5283 1866 5364 Bene
1879 5291 2084 5372 actetlrlter

69 5337 354 5453 lmbrdoiom,
370 5389 461 5462 quae
473 5371 602 5446 metuit
615 5371 709 5452 GV.
723 5377 829 5450 etiam
842 5379 921 5476 ipse
934 5381 1041 5454 osuit·
1088 5386 1258 5466 veleatC.
1274 5387 1319 5467 V.
1368 5385 1437 5461 Die
1450 5387 1514 5465 24.
1528 5382 1707 5468 Octobris.
