4658 5818
242 255 318 330 087
835 243 1273 332 Eristotatttltt
1331 251 1439 338 ΜΒ.
1458 251 1547 336 ΧΗ.
1577 251 1709 334 1660.
2206 255 2280 328 688

245 443 365 508 dextre
392 429 589 523 intelligere
612 427 753 502 nolunt.
804 425 937 518 Magna
962 439 1015 498 est
1035 425 1131 496 enim
1156 423 1234 522 Ty·
1386 425 1489 499 lianc
1509 439 1620 500 totam
1634 425 1858 518 diligentiam
1877 439 1913 498 ct
1926 421 1991 498 has
2004 426 2279 506 admonitiones,

245 537 368 610 munis
379 556 506 628 pravae
522 531 807 617 consuetudinis,
820 545 856 602 et
869 529 1018 600 omuino
1032 551 1155 600 verum
1171 539 1234 612 est,
1286 529 1351 600 etsi
1365 531 1438 602 scio
1453 529 1646 623 vituperari
1662 553 1683 600 s
1698 527 1929 624 quibusdam,
1942 541 2063 600 tamen
2079 553 2183 622 spero
2200 529 2278 614 tihi,

246 639 341 736 quod
370 635 488 730 inquit
512 629 733 705 Aristoteles:
785 627 825 702 oi
848 623 1042 726 ἀκροάσεις
1066 623 1163 702 κατὰ
1186 623 1233 700 τὰ
1287 627 1465 716 Aruolde,
1496 643 1536 714 et,
1553 631 1653 717 aliis,
1679 631 1742 726 qui
1761 643 1855 702 recte
1876 641 1913 702 et
1935 631 2085 701 candide
2110 631 2281 714 iudicant,

247 739 318 834 ἔθη
351 729 638 830 συμβαίνουσιν.
683 729 735 816 ὥς
766 727 841 834 ydp
870 724 1079 824 εἰώθαμεν,
1114 725 1236 810 οὕτως
1287 732 1442 824 probari,
1458 733 1634 802 antulium
1646 733 1806 802 virorum
1821 731 1953 801 iudicia
1967 733 2086 824 potius
2101 733 2281 826 sequenda

103 879 116 890 ·
248 839 423 931 ἀξιοῦμεν
436 833 621 936 λέγεσθαι.
1288 855 1361 904 esse
1389 846 1525 917 statuo,
1564 857 1671 924 quam
1701 833 1758 906 vel
1789 833 2033 917 indoctorum,
2066 833 2129 927 qui
2159 833 2280 904 literas

348 935 469 1028 Quare
492 938 677 1007 latendum
700 948 768 1018 est,
801 932 1032 1004 necessariam
1054 953 1127 1002 csse
1150 931 1235 1002 dili·
1288 957 1410 1005 omnes
1425 959 1466 1004 ex
1484 932 1641 1004 Ecclesia
1657 934 1866 1026 pulsasesse
1881 933 2030 1018 vellent,
2054 930 2279 1029 velerrbo-

167 1053 170 1058 “
247 1041 402 1132 gentiam
422 1053 515 1109 recte
535 1035 770 1127 cognoscendi
790 1057 1005 1118 sermonem,
1038 1047 1073 1104 et
1093 1031 1235 1126 quidem
1287 1035 1429 1105 niorum
1446 1037 1691 1129 quorundam,
1717 1034 1780 1128 qui
1798 1033 1939 1103 vincula
1963 1035 2093 1105 artium
2115 1037 2280 1114 oderunt,

248 1142 454 1214 retinendae
478 1137 722 1230 proprietatis,
745 1159 813 1228 qua
836 1136 875 1204 in
895 1159 933 1204 re
956 1157 1046 1228 quae
1068 1133 1114 1203 sit
1133 1129 1236 1204 adhi-
1288 1149 1322 1206 et
1338 1137 1511 1206 infinitam
1525 1135 1595 1234 sibi
1610 1135 1789 1206 licentiam
1805 1135 1952 1206 concedi
1968 1137 2114 1217 volunt,
2129 1135 2279 1206 ludendi

248 1243 365 1314 benda
382 1239 588 1319 dexteritas,
613 1239 719 1336 etiam
736 1237 790 1306 illi
805 1237 874 1328 ipsi
886 1236 1013 1305 melius
1028 1233 1237 1325 intelligent,
1290 1237 1539 1328 opinionibus,
1571 1249 1612 1308 ut
1643 1235 1742 1310 libet.
1806 1231 1857 1308 Et
1883 1237 2028 1332 utrique
2060 1233 2197 1308 habent
2228 1237 2280 1306 sui

250 1343 372 1438 quiad
393 1337 462 1412 hoc
477 1340 631 1410 studium
645 1337 829 1408 assuefacti
844 1347 938 1410 sunt.
992 1334 1149 1406 Multum
1175 1359 1239 1405 au·
1289 1333 1419 1408 theatri
1435 1338 1634 1429 applausus.
1684 1333 1755 1408 Scd
1779 1331 1867 1407 haee
1880 1338 2105 1409 voluntatum
2128 1351 2165 1409 et
2186 1337 2280 1408 iudi-

251 1461 322 1516 tem
332 1442 423 1516 lucis
437 1441 537 1512 affert
551 1439 693 1510 collatio
710 1439 974 1520 doctrinarum,
1000 1449 1041 1508 ut
1055 1436 1126 1506 dici
1138 1435 1239 1520 solet,
1290 1439 1426 1508 ciorum
1442 1437 1697 1508 dissimilitudo
1711 1461 1785 1508 non
1801 1450 1853 1507 est
1868 1433 1975 1508 huius
1993 1451 2133 1509 tanturn
2160 1439 2280 1508 aetatis

249 1537 463 1638 ἧπορφύρα
479 1535 663 1638 παρᾲτὴν
681 1531 881 1634 πορφύραν
897 1531 1096 1632 διακριτέα.
1146 1533 1238 1606 Cum
1290 1541 1433 1614 malurn.
1485 1537 1652 1610 Feramus
1665 1537 1776 1629 igitur
1790 1539 1968 1628 sapienter
1986 1535 2068 1626 hos,
2094 1555 2135 1610 ut
2149 1537 2280 1610 Demo

252 1645 378 1716 didicit
393 1643 568 1738 quispiam
588 1665 630 1710 ex
644 1664 725 1710 vera
742 1631 993 1729 Philosophia,
1017 1636 1103 1729 quid
1121 1631 1240 1706 bomi-
1290 1635 1430 1711 sthenes
1443 1641 1623 1726 nominat,
1648 1663 1852 1711 communes
1869 1639 2051 1711 civitatum
2066 1643 2230 1725 morbos,
2249 1655 2279 1710 et

251 1767 315 1816 nes
328 1745 405 1814 sani
418 1757 453 1814 et
469 1756 562 1812 recte
577 1743 761 1833 loquentes
775 1739 961 1809 nominent
973 1736 1166 1818 iusticiam,
1186 1737 1240 1807 fa·
1289 1754 1408 1811 tamen
1439 1741 1642 1814 iunioribus
1672 1753 1927 1811 monstratores
1952 1753 1989 1812 et
2012 1737 2215 1812 hortatores
2236 1741 2279 1810 si-

251 1847 354 1916 cilius
378 1841 529 1932 intelligi
554 1855 689 1934 potest,
713 1841 778 1910 ubi
799 1839 922 1910 eodem
943 1838 1051 1908 modo
1073 1837 1240 1930 loquatur
1291 1865 1388 1928 mus,
1412 1843 1456 1910 ad
1481 1866 1539 1927 ea,
1564 1855 1755 1936 quaesunt
1776 1865 1879 1926 vera,
1905 1855 2022 1926 recta,
2048 1857 2082 1912 et
2102 1837 2279 1912 Ecclesiae

251 1969 368 2018 sermo
383 1944 546 2028 divinus,
570 1941 634 2012 ubi
649 1941 752 2011 aliter
770 1941 948 2034 loquatur.
998 1935 1098 2008 Sicut
1113 1935 1241 2008 Socra-
1290 1943 1468 2014 salutaria.
1494 1939 1592 2014 Bene
1607 1943 1696 2020 vale.
1722 1939 1848 2014 Mense
1857 1937 2020 2017 Octobri.
2047 1940 2159 2013 Anno
2177 1939 2281 2014 1550.

252 2063 305 2119 tes
323 2045 440 2143 lnquit
457 2039 604 2118 δίκαιον
619 2054 671 2112 cst
686 2034 859 2134 νόμιμον.
908 2035 957 2110 Et
980 2037 1139 2110 definitio
1165 2039 1239 2108 eius

253 2147 431 2230 iusticias,
462 2169 551 2239 quae
576 2155 628 2212 est
652 2143 852 2213 obedientia
878 2139 974 2210 iuxta
992 2139 1121 2228 legem,
1147 2152 1241 2210 recte

253 2247 444 2318 constituta
460 2257 528 2331 est,
553 2257 589 2314 et
605 2258 718 2313 sumta
737 2267 757 2312 a
777 2265 921 2324 nonna,
946 2240 1107 2309 videlicet
1134 2263 1153 2309 a
1174 2263 1242 2310 no-

253 2350 335 2421 ticia
358 2347 445 2416 recti
464 2348 627 2428 immota,
652 2367 742 2436 quae
757 2343 929 2412 divinitus
949 2339 1082 2408 sancita
1104 2353 1175 2424 est,
1201 2353 1241 2410 ut
1292 2355 1358 2428 No,
1377 2349 1491 2425 4814,
2128 2361 2282 2442 (mort.)

253 2462 350 2538 regat
373 2447 538 2517 actiones.
589 2441 641 2514 lta
664 2446 703 2514 in
724 2439 885 2534 Epistola
906 2433 1077 2510 Iohannis
1102 2440 1243 2526 dicitur,
1303 2449 1472 2484 *Α*
1956 2487 1959 2494 -
2142 2437 2263 2480 *Α

254 2543 419 2642 ἁμαρτία
438 2560 489 2617 est
503 2539 652 2636 ἀνομία.
699 2541 868 2614 Definitio
884 2555 935 2612 est
950 2541 1087 2610 erudite
1104 2541 1241 2614 tradita.
1646 2555 1712 2640 10·
1741 2553 1945 2670 Aepgno·

256 2653 419 2721 intuetur
438 2641 613 2716 lohannes
635 2666 814 2728 normam,
840 2665 930 2736 qnae
953 2641 1041 2729 regit
1056 2639 1242 2715 iusticiam.
1361 2708 1550 2782 †Eeotteet
1569 2709 1696 2766 Ballemt
1716 2713 1780 2768 Vol.
1798 2713 1821 2768 L
1842 2711 1937 2783 P·⁷¹²s
1962 2713 2009 2783 qut
2030 2731 2089 2768 eam
2112 2713 2283 2786 dampnas

256 2749 306 2824 Ut
322 2749 431 2840 issiim'
445 2749 568 2818 doceat
581 2769 600 2814 ε
613 2745 772 2835 regione,
799 2745 885 2838 (inid
900 2743 946 2850 ‘ii
960 2755 1158 2832 Peccatum
1184 2743 1244 2826 ms
1396 2779 1458 2832 cod.
1476 2777 1542 2833 Mat.
1561 2776 1714 2833 Godolredi
1733 2779 1871 2836 nenati
1890 2781 1993 2838 Medici
2013 2781 2197 2853 Noriubcrg,
2215 2801 2283 2834 nunc

256 2873 330 2922 esse
361 2850 529 2943 quiddam
563 2847 766 2941 discrepans
792 2849 837 2915 ab
861 2845 923 2914 illa
949 2866 1085 2912 norma.
1144 2839 1242 2912 Haec
1393 2845 1447 2902 cod
1473 2847 1704 2908 monscsuno.
1721 2848 1922 2922 vttpstst.
2173 2863 2182 2886 ·

256 2952 429 3024 concinne
450 2950 521 3020 dici
544 2947 749 3039 intelligunt
771 2941 830 3032 hi,
858 2944 921 3039 qui
941 2939 1027 3012 baec
1049 2965 1157 3034 parva
1186 2967 1244 3014 ar-

254 3049 346 3126 tium
361 3053 531 3122 elementa
549 3051 761 3122 didicenrnt.
814 3045 929 3118 Aliter
943 3043 1097 3138 loquitar
1113 3041 1245 3114 Paulus
1745 3127 1751 3138 ι

256 3178 337 3224 curu
367 3154 432 3222 aits
474 3149 653 3221 lustilicati
678 3150 747 3218 fide
772 3171 893 3239 pacem
920 3141 1108 3230 hahemus,
1138 3169 1246 3237 msam
1296 3130 1346 3218 S.
1373 3143 1418 3214 D.
1471 3142 1681 3214 Veneranda
1697 3147 1753 3216 vir
1769 3162 1803 3218 ct
1817 3147 1928 3217 amice
1945 3151 2132 3220 carissime.
2188 3151 2283 3222 Nun-

259 3277 339 3325 cum
357 3249 525 3322 dicimus:
553 3248 727 3320 Aristides
742 3264 793 3320 est
808 3249 931 3320 iustus.
1296 3271 1401 3338 quam
1418 3261 1520 3316 antea
1530 3246 1603 3314 vidi
1618 3246 1801 3340 utriusque
1817 3250 1925 3338 partis
1939 3251 2131 3320 sententias
2145 3252 2189 3320 in
2206 3275 2285 3320 cou-

359 3353 442 3423 Non
456 3375 519 3442 ego
535 3353 659 3440 ignoro
674 3373 747 3420 esse
764 3350 914 3432 multos,
940 3349 1002 3441 qui
1017 3349 1113 3419 velut
1130 3369 1247 3416 carce-
1297 3347 1487 3430 troversia,
1521 3347 1622 3416 cuius
1645 3341 1733 3427 milri
1755 3347 1942 3442 pagiuas¹)
1964 3347 2150 3445 rnisisti²).
2205 3353 2282 3421 ldeo

259 3480 333 3536 rem
354 3455 508 3524 oderunt
532 3447 595 3520 llas
619 3464 728 3520 metas
750 3451 899 3532 artium,
921 3461 956 3518 et
974 3449 1044 3518 sibi
1066 3447 1246 3517 licentiam
1299 3471 1363 3516 nec
1378 3446 1610 3538 pronunciavi
1626 3461 1747 3532 antea,
1773 3472 1837 3517 nec
1856 3451 1975 3519 literas
1999 3445 2114 3520 isthuc
2135 3454 2222 3522 misi
2247 3455 2284 3519 de

259 3570 405 3628 sumunt
427 3554 580 3643 tingendi
606 3552 809 3644 opiniones,
834 3563 875 3618 ut
894 3549 1001 3634 libet,
1022 3563 1057 3620 et
1070 3569 1247 3618 summum
1298 3542 1364 3618 hac
1386 3570 1489 3616 causa
1511 3547 1614 3621 ullas.
1665 3547 1753 3617 Misi
1773 3562 1889 3618 autem
1908 3551 2090 3642 epistolam
2114 3555 2159 3620 ad
2179 3553 2283 3624 Sena-

260 3663 454 3726 decusesse
470 3657 626 3738 ducunt,
650 3652 891 3722 contradicere
903 3651 1067 3735 caeteris,
1091 3673 1131 3718 ac
1147 3671 1249 3739 prae-
1299 3661 1374 3718 tum
1398 3648 1585 3737 scriptam,
1625 3648 1758 3742 inqua
1792 3664 1826 3720 et
1848 3651 2016 3719 dominus
2036 3649 2162 3722 Pastor
2190 3653 2283 3722 Doct.

260 3757 372 3846 stiglis
388 3751 643 3848 sophismatum
660 3767 752 3824 recte
769 3753 861 3822 dicta
878 3751 1100 3821 labefactant.
1150 3746 1249 3816 llaec
1298 3742 1526 3817 Ροηειναηιιε
1545 3761 1580 3819 et
1602 3743 1708 3843 cgo⁸)
1737 3745 1939 3820 hortatores·
1966 3775 2104 3820 eramus
2139 3753 2282 3834 senatui,

261 3859 423 3942 audacia,
438 3872 478 3928 ut
494 3855 699 3925 mollissime
715 3855 848 3936 dicam,
865 3875 939 3920 uon
955 3863 1007 3921 est
1018 3845 1249 3920 utilisEccle-
1299 3863 1338 3919 ut
1361 3849 1417 3917 vel
1438 3849 1580 3919 mittant
1601 3849 1782 3940 aliquibus
1805 3853 1955 3921 eruditis
1970 3853 2185 3944 descriptam
2205 3877 2283 3924 con-

260 3960 332 4027 siae
347 3957 425 4028 Dei.
474 3955 661 4040 Formam,
686 3951 963 4048 inquitPaulus‚
988 3973 1156 4021 sanorum
1175 3971 1248 4018 ser-
1297 3949 1503 4020 troversiam
1520 3961 1692 4018 eteorum
1711 3951 1842 4020 iudicia
1857 3952 2135 4038 sciscitarentur,
2161 3956 2221 4024 vel
2244 3954 2282 4022 ab

259 4079 408 4127 monam
430 4057 593 4128 retineto.
643 4053 894 4125 Discernamus
916 4075 1043 4144 genera
1057 4051 1248 4144 doctriua·
1296 4064 1446 4143 utraque
1460 4063 1559 4142 parte
1576 4063 1754 4142 peterent,
1779 4075 1826 4120 ne
1840 4053 1884 4121 de
1899 4048 1965 4122 bac
1987 4077 2025 4122 re
2048 4053 2087 4122 in
2102 4055 2282 4124 concioni-

261 4183 362 4243 rum,
394 4153 458 4225 ue'c
484 4170 579 4226 extra
605 4169 715 4224 metas
741 4153 943 4228 evehamur.
1000 4149 1078 4223 Hoc
1098 4149 1248 4226 oonsilio
1298 4153 1365 4222 bus
1381 4151 1569 4222 certamina
1586 4163 1781 4224 moverent.
1833 4151 2024 4246 Nunquam
2041 4155 2139 4224 volui
2162 4177 2283 4225 accen-

260 4259 445 4352 praecipue
462 4251 548 4326 haec
564 4250 813 4344 philosophica
831 4279 933 4346 saepe
956 4255 995 4322 in
1013 4253 1172 4324 docendo
1190 4275 1248 4321 re-
1285 4253 1382 4323 ·dere
1395 4251 1542 4322 dissidia
1559 4252 1747 4336 intervos,
1771 4266 1805 4322 et
1822 4275 1918 4322 nunc
1933 4277 2075 4347 quoque
2091 4269 2126 4324 te
2137 4281 2223 4342 oro,
2246 4267 2283 4324 ut

1397 2997 1426 3072 Ι
1431 3001 1577 3073 oanni
1600 2999 1794 3102 Αιρὶηο,
1819 2999 1941 3101 (Post.
1957 3003 2191 3104 Homburg.)

145 4431 146 4438 ,
261 4375 359 4452 peto,
385 4373 425 4430 ut
439 4358 613 4428 mamonis
628 4355 831 4424 discrimina
849 4356 987 4424 notiora
1004 4356 1085 4424 sint.
1298 4349 1404 4424 huius
1419 4351 1678 4424 controversiae
1691 4353 1908 4423 mentionem
1929 4355 2080 4430 omittas.
2130 4353 2188 4426 De
2211 4355 2282 4424 aliis

265 4481 272 4494 ·
337 4451 498 4531 'Deinde
522 4471 605 4528 sunt
624 4471 661 4527 et
682 4458 771 4526 aliae
793 4455 962 4527 utilitates
985 4449 1093 4524 huius
1113 4452 1249 4523 doctri»
1296 4455 1433 4543 magnis
1457 4455 1562 4524 rebus
1586 4454 1740 4542 graviter
1767 4467 1801 4523 et
1824 4455 1961 4524 erudite
1982 4458 2101 4526 doceri
2133 4459 2280 4550 populus

262 4585 336 4630 nae.
393 4559 437 4629 ln
467 4557 532 4628 ltac
553 4560 791 4654 qualicunque
820 4555 1077 4648 gubernatione
1105 4576 1254 4645 morum
1299 4568 1433 4646 potest,
1467 4577 1616 4646 quarum
1648 4554 1803 4644 cognitio
1829 4555 1980 4624 maxime
2006 4559 2202 4627 necessaria
2227 4569 2280 4626 est

260 4651 399 4730 necesse
421 4674 473 4728 est
496 4683 599 4729 nosse
621 4661 793 4746 virtutum
809 4657 1065 4748 descriptiones
1088 4665 1122 4727 et
1137 4653 1248 4744 parti-
1299 4655 1589 4724 'llreamurinter
1603 4673 1669 4724 nos
1685 4656 1910 4725 concordiam
1932 4669 1966 4726 et
1980 4659 2153 4749 quaedam
2168 4671 2279 4728 nostra

258 4755 383 4834 tiones.
441 4759 537 4829 Hinc
561 4761 666 4830 etiarn
696 4784 798 4851 saepe
817 4759 930 4830 oratio
957 4753 1153 4826 haurienda
1183 4767 1248 4838 est,
1299 4757 1446 4826 vulnera
1461 4768 1634 4842 tegamus,
1659 4779 1705 4824 ne
1727 4755 1813 4826 liant
1834 4757 2005 4826 tristiores
2022 4757 2280 4848 disputationes.

259 4889 338 4936 urm
355 4864 399 4932 de
412 4857 571 4946 moribus
585 4860 776 4951 loquimur.
828 4859 936 4932 Utilis
951 4871 1002 4929 est
1024 4871 1059 4928 et
1074 4854 1247 4926 diiudica-
1300 4855 2265 4948 Nuncplurascriberenonpotui.Bencvale.15⁶0.

260 4967 310 5034 tie
334 4977 526 5043 sectarum,
551 4961 582 5029 si
605 4963 711 5030 modo
725 4960 914 5031 'veritatem
936 4957 1160 5052 quaerimus,
1181 4977 1248 5025 nec

259 5059 398 5137 tantum
417 5057 688 5144 aestuationes,
721 5075 898 5132 ostentare
915 5081 1062 5130 acumen
1084 5058 1247 5137 volumus
1336 5111 1362 5178 ι)
1379 5105 1621 5174 Ballanstpartes
1650 5105 1805 5162 umento.

209 5163 215 5188 i
259 5167 298 5234 in
313 5159 546 5235 dffffldffldi‘
559 5162 758 5256 Ρπθὼὼ·
807 5160 954 5231 Pffldffl
973 5161 1079 5230 ‘tim
1093 5157 1245 5230 iunim'i‘
1333 5193 1362 5256 Ι)
1380 5188 1573 5248 Controversia
1587 5143 1764 5243 acimum
1777 5185 1878 5243 Christi
1892 5187 1925 5243 ad
1939 5187 2051 5244 inlesos.

258 5267 343 5348 bus,
368 5267 543 5334 assuefieri
558 5268 601 5334 ad
618 5265 780 5334 ordinem
796 5277 830 5334 et
847 5265 892 5332 ad
909 5263 1061 5332 formam
1070 5259 1247 5352 explican-
1334 5278 1364 5346 a)
1380 5275 1446 5330 vta.
1461 5293 1541 5347 supra
1554 5272 1633 5346 aptet.
1647 5271 1716 5328 stet.
1728 5281 1755 5328 et
1768 5271 1913 5329 Pom-ant
1928 5291 2023 5330 nerse
2037 5273 2133 5348 septa.
2143 5273 2247 5344 cotan.

259 5367 316 5449 di,
341 5387 430 5456 quae
446 5365 483 5432 in
501 5361 557 5433 his
571 5365 739 5457 exemplis
752 5364 920 5436 cernitur.
1478 5398 1521 5466 f
