4684 5802
70 242 158 312 1101
261 291 264 314 .
638 170 1096 312 aelsronaauu
1122 228 1226 308 nto.
1252 227 1335 308 xu.
1389 229 1519 308 msa.
1998 233 2103 310 1102

69 427 151 499 quas
168 401 314 475 notitias
331 399 524 484 existimat,
551 403 647 496 quod
664 415 698 473 et
715 392 862 472 Paulos
877 398 1058 490 signifieat.
1109 389 1319 466 Academiae
1343 394 1647 488 Regiomontanae
1679 397 1842 470 minister
1872 397 2000 470 missus
2032 395 2106 471 hue

69 507 134 578 Sed
167 500 367 598 haec0cum
400 505 531 592 legam,
571 518 671 574 tuum
703 526 793 595 opus
816 502 1058 574 considerabo.
1109 491 1301 570 aSabino.
1352 497 1498 588 Semper
1513 512 1547 569 et
1561 500 1706 572 luerunt
1720 515 1755 572 et
1770 515 1875 574 erunt
1891 502 1929 572 in
1945 497 2119 573 Ecclesia.

68 606 241 698 Scriptum
265 607 309 674 de
332 605 550 696 pestilentiae
565 605 816 689 medicatione,
841 627 915 672 non
934 615 1059 694 potue-
1109 597 1318 682 certamina,
1348 601 1409 668 sed
1433 600 1606 670 eluctatur
1627 603 1768 672 tandem
1790 604 1929 677 veritas.
1981 597 2104 673 Bren-

67 721 147 778 ruut
171 707 331 776 officinae
351 730 408 774 me
431 707 574 776 absente
599 707 712 778 edere.
765 703 813 776 Et
835 706 1059 774 deterrentur
1108 695 1183 768 tius
1197 697 1368 790 inspergit
1382 696 1412 794 ²)
1428 697 1528 796 σοφοὶ
1543 694 1745 797 φάρμακα,
1772 728 1811 773 ac
1826 705 1895 774 iam
1914 705 2103 774 secundam

66 809 281 900 prolixitate,
314 819 349 878 ct
369 807 518 878 minutis
540 807 660 895 liguris
685 807 877 878 literarum.
938 803 1058 892 Quare
1107 801 1390 870 conciliationem
1406 801 1521 886 misit,
1546 805 1804 898 quiquomodo
1823 805 2103 876 illisdictisme-

67 935 152 1002 quae
171 909 265 978 voles
281 908 356 992 edi,
383 907 533 977 describi
551 907 690 978 curabis
704 905 953 995 grandioribus
968 905 1058 994 ligu-
1089 904 1249 986 'dcatur,
1282 926 1372 995 quae
1395 917 1477 973 sunt
1500 903 1548 972 ita
1568 907 1714 994 scripta,
1742 919 1782 977 ut
1799 908 2011 992 recitantur,
2036 929 2103 976 ne·

66 1011 122 1080 ris.
154 1009 263 1080 Mitto
279 1009 344 1078 tibi
358 1007 539 1078 Nomisma
555 1006 663 1097 Regis
679 1001 928 1092 dammandi,
953 1029 1056 1099 quem
1107 1001 1194 1072 scio:
1221 1017 1359 1094 peccata
1376 1017 1585 1074 ante'annos
1602 1003 1710 1092 1500,
1730 1009 1874 1078 remissa
1891 1032 1974 1083 esse.
2001 1005 2102 1094 leem,

65 1112 218 1182 arbitror
240 1133 313 1180 esse
336 1123 416 1180 tuae
439 1109 573 1202 patriae
587 1109 796 1198 dominum,
824 1109 976 1178 et'credo
990 1102 1058 1176 ho-
1108 1106 1230 1172 eodem
1252 1107 1358 1174 modo
1377 1105 1491 1174 filium
1507 1105 1545 1174 in
1564 1101 1718 1176 humana
1735 1123 1880 1193 natura,
1906 1133 2009 1203 quam
2026 1109 2102 1199 ipse

65 1227 203 1282 nestum
228 1210 430 1301 Principem
452 1233 540 1290 esse,
572 1233 614 1280 ac
635 1226 737 1302 opto,
770 1223 809 1280 ut
824 1209 921 1281 Deus
942 1208 1057 1278 flectat
1107 1205 1277 1294 sumpsit,
1309 1201 1503 1292 habitasse,
1534 1219 1575 1278 ιιι
1600 1207 1639 1276 in
1664 1210 1810 1280 caeteris
1832 1213 1972 1284 sanctis.
2021 1205 2101 1299 Ego

65 1314 221 1382 animum
243 1313 319 1382 eius
344 1312 389 1380 ad
415 1311 562 1380 salutem
588 1333 707 1396 suam,
741 1325 775 1382 et
795 1307 991 1394 Ecclesiae,
1023 1321 1057 1378 et
1107 1306 1250 1398 quidem
1273 1306 1403 1378 rectius
1425 1307 1555 1378 sentire
1579 1332 1678 1389 eum,
1711 1335 1816 1406 quam
1835 1311 2013 1405 loquitur,
2040 1333 2101 1381 co-

64 1439 136 1482 nou
151 1415 277 1484 stuata
294 1407 331 1482 T
331 1410 428 1482 arcis
444 1412 574 1482 vastari
591 1405 805 1495 Austriam,
831 1425 866 1482 et
881 1427 977 1483 tuam
993 1435 1057 1500 pa·
1107 1407 1191 1496 gito.
1242 1406 1311 1478 Sed
1336 1431 1449 1478 sermo
1472 1421 1524 1479 est
1546 1403 1725 1483 horridus.
1778 1409 1856 1482 Hoc
1872 1414 1977 1482 sentit
1996 1427 2031 1482 et
2046 1411 2103 1480 lo-

63 1515 177 1588 triam.
234 1511 347 1584 Doleo
371 1507 577 1582 Germanos
601 1508 796 1607 συμμαχίᾳ
819 1515 964 1604 astreas]
988 1512 1056 1578 im·
1107 1507 1244 1601 quitur,
1287 1509 1452 1600 imputari
1487 1510 1713 1582 credentibus
1747 1499 1988 1593 divinitatem,
2026 1535 2101 1582 non

63 1616 183 1706 pedire
207 1613 448 1684 defensionem
470 1614 613 1704 patriae.
673 1612 718 1686 Et
742 1615 902 1684 existimo
927 1606 971 1681 F
968 1633 1058 1680 ran·
1105 1609 1230 1678 merita
1247 1602 1392 1683 Christi.
1425 1607 1516 1680 “Nee
1536 1613 1620 1682 satis
1634 1625 1685 1682 est
1700 1608 1767 1685 τὸν
1782 1607 1896 1712 λόγον
1909 1614 1959 1684 sic
1973 1613 2100 1683 debui-

63 1739 140 1785 cum
165 1715 322 1786 vicinum
346 1729 500 1784 vestrum
523 1739 595 1784 uon
611 1715 687 1784 lore
703 1717 884 1788 victorem.
937 1711 1057 1782 Genea
1106 1731 1162 1794 re,
1187 1711 1364 1780 decretum
1388 1733 1462 1781 esse
1484 1713 1529 1782 de
1551 1713 1773 1784 restitutione
1788 1709 1937 1784 humani
1951 1714 2100 1806 generis.

63 1819 115 1886 sin
139 1816 217 1890 eius
237 1816 266 1884 si
290 1839 363 1884 non
385 1809 509 1896 habes,
544 1815 692 1888 mittam.
742 1815 841 1885 Bene
857 1829 893 1885 et
909 1815 1058 1884 feliciter
1106 1797 1303 1880 Etsienim
1325 1811 1362 1880 id
1388 1814 1568 1884 decretum
1591 1837 1655 1906 per
1678 1837 1757 1884 eum
1780 1817 1958 1908 patefecit,
1981 1829 2100 1886 tamen

61 1920 156 1996 vale.
189 1929 223 1996 et
237 1919 281 1986 de
298 1909 449 1986 Franco
464 1908 617 1986 Gallico
634 1917 729 1987 socio
744 1917 878 2010 aliquid
892 1915 1055 1988 rescribe.
1105 1911 1288 1982 fatendum
1311 1927 1363 1984 cst
1385 1913 1564 1984 liberrime
1585 1917 1767 1988 conditum
1783 1929 1817 1986 et
1834 1930 2012 2012 receptum
2027 1939 2101 1986 esse

61 2017 126 2090 Die
143 2018 178 2090 8.
197 2013 375 2100 Octobris.
1106 2034 1216 2102 genus
1231 2008 1437 2088 humanum.
1489 2013 1622 2086 Filium
1639 2041 1721 2085 vero
1735 2041 1825 2103 esse,
1852 2032 1886 2089 et
1902 2041 1976 2088 esse
1990 2017 2101 2088 totius

380 2117 384 2126 '
1109 2115 1216 2205 patris
1241 2105 1370 2186 εἰκόνα
1392 2115 1599 2206 simpliciter
1619 2121 1853 2189 necessarium
1877 2132 1940 2192 est.
2006 2117 2101 2188 Vide

1107 2227 1258 2306 quantae
1281 2237 1338 2284 res
1365 2229 1590 2302 moveantur,
1628 2221 1672 2286 de
1697 2222 1828 2312 quihus
1849 2221 1980 2304 miror,
2012 2218 2101 2312 quid

1107 2316 1199 2386 dicat
1224 2329 1343 2386 noster
1362 2317 1496 2388 amicus
1514 2312 1705 2390 Brentias.
1756 2319 1897 2391 Novum
1921 2333 2099 2392 certamen

73 2420 139 2492 No.
154 2419 268 2494 6229.
720 2429 753 2492 a.
770 2421 842 2487 Oot.
869 2423 1032 2509 (Torgse.)
1106 2429 1142 2486 et
1154 2411 1362 2488 Stancaras
1377 2432 1515 2504 movet,
1540 2421 1720 2491 contendit
1735 2436 1870 2493 tanturn
1883 2425 1930 2515 τῇ
1946 2417 2101 2514 drepa-
2152 2442 2164 2472 s

64 2515 279 2554 Μ
702 2517 1057 2564 w
1105 2511 1195 2610 πίνῃ
1211 2511 1321 2612 φύσει
1334 2519 1561 2590 mediatorem
1577 2543 1650 2590 esse
1666 2518 1860 2598 Christum.
1891 2523 1965 2596 Nos
1981 2517 2100 2591 Mar-

404 2617 463 2706 H·
491 2616 704 2702 Beaoldt).
1106 2611 1232 2688 ebioni
1241 2615 1398 2691 Electori
1413 2623 1659 2713 respondimus
1672 2619 1729 2693 his
1741 2624 1867 2695 diebus
1879 2626 1923 2695 de
1938 2647 1976 2694 ea
1992 2645 2101 2718 quae-

172 2792 179 2808 ·
244 2794 250 2808 ⁹
528 2793 535 2808 ι
784 2754 796 2809 ⁰.
871 2795 878 2811 ,
1105 2721 1237 2806 stione,
1262 2722 1324 2814 qui
1346 2742 1412 2792 nos
1433 2724 1477 2792 ad
1494 2723 1731 2813 cognitionem
1748 2726 1824 2796 eius
1841 2724 2101 2796 controversiae

125 2792 573 2936 Efffflmpfgfflhssbfiss
583 2792 973 2936 {lffmffiffugffhqfissfe'mffi
985 2793 1057 2936 sphi:
1105 2835 1300 2896 vocaverat.
1364 2820 1509 2894 Utinam
1542 2823 1597 2895 tui
1628 2822 1792 2917 Collegae
1825 2826 2100 2910 considerarent.

163 2930 266 3003 grapho
280 2932 309 2986 tn
324 2932 388 2989 eod.
401 2929 559 2988 Momtt.
581 2881 701 3004 patah,
718 2931 918 3005 quadrantali.
1098 2937 1211 3015 'quam
1235 2924 1429 2992 necessaria
1452 2923 1497 2994 sit
1519 2921 1588 2996 hoc
1609 2929 1814 3018 pracsertim
1838 2919 2001 3018 tempore
2011 2949 2100 2996 con-

1105 3024 1225 3094 cordia
1256 3023 1387 3094 nostris
1413 3019 1592 3097 Ecclesiis.
1649 3025 1747 3098 Bene
1779 3030 1858 3098 vale
1888 3039 1923 3098 et
1947 3027 2099 3098 rescribe

56 3081 271 3158 Reverendo
296 3085 392 3171 viro,
417 3082 620 3160 eruditione
641 3098 674 3159 et
692 3087 823 3162 virtute
836 3089 1055 3186 praestanti,
1104 3124 1365 3218 quamprimum
1401 3125 1544 3219 pomis·
1616 3127 1684 3199 Die
1718 3127 1754 3205 9·
1787 3117 1956 3202 0⁶¹⁰&ss
1991 3124 2100 3201 1552·

56 3185 112 3266 D.
136 3187 424 3284 Hieronymo
447 3185 675 3278 Besoldo,
702 3187 953 3288 Evangetium
965 3215 1055 3290 pare
1103 3223 1279 3317 Argelia&
2158 3243 2163 3248 .
2195 3205 2197 3216 ’

56 3297 88 3360 et
108 3285 282 3384 fideliter
313 3285 455 3362 docenti
479 3291 520 3362 in
545 3287 716 3362 Ecclesia
742 3289 822 3363 Dei
845 3293 886 3363 in
913 3290 1054 3390 inclyta

176 3385 505 3487 urbeNora'berga,
521 3390 650 3493 fratri
666 3418 734 3464 sua
748 3393 954 3482 caiissimo,

1115 3481 1690 3501 mmm-...n-
1708 3489 1723 3501 κ
1738 3489 1860 3502 ...ιι-...ιιι-
1874 3486 2100 3502 »Μ

56 3528 107 3612 S.
136 3542 187 3612 D.
243 3538 335 3612 Cum
359 3537 616 3632 Appenninum
639 3541 803 3615 transivit
824 3539 1054 3627 Herulorum,

53 3643 92 3714 id
111 3655 186 3725 est,
209 3638 457 3733 Rugianorum
472 3639 553 3712 Dux
570 3633 789 3730 Ottoaarus,
814 3643 907 3714 edita
921 3655 973 3714 est
986 3666 1054 3712 vox
1102 3661 1170 3738 No,
1182 3654 1299 3733 5230,
1730 3677 1786 3741 ιο,
1803 3669 1874 3734 Oet.
1900 3669 2061 3753 (T0,g„‚)

54 3742 230 3816 terribilis
250 3767 291 3811 ex
310 3765 433 3834 specu:
470 3736 579 3814 Vade
600 3739 762 3840 pellibus
785 3737 931 3828 indute,
964 3737 1053 3817 Non
1108 3755 1280 3788 *Ν
1698 3757 2097 3803 W

52 3844 155 3914 enim
187 3836 334 3918 redibis.
396 3841 470 3914 Nee
502 3867 634 3916 vanum
666 3845 735 3917 tuit
766 3846 803 3916 id
832 3844 1054 3918 vaticinium.
1190 3929 1192 3934 Ι
1332 3861 1457 3948 Hier·
1484 3861 1872 3975 Baumgmmw·

51 3943 148 4016 Nam
162 3941 349 4035 Rugianus
372 3943 433 4014 ille
449 3957 528 4036 post
544 3968 672 4036 paucos
689 3969 802 4017 annos
819 3971 838 4018 a
856 3945 1053 4017 Veronensi

51 4040 288 4116 Theoderico
308 4045 422 4116 rictus
446 4046 562 4137 periit.
621 4043 684 4116 lta
695 4071 799 4140 spero
819 4071 893 4118 non
917 4049 1053 4119 redito·
1164 4037 1250 4112 ³9¹⁸·
1267 4039 1314 4096 ''l-
1328 4039 1375 4094 Ἦ·
1392 4039 1553 4164 33¹⁹⁵⁸ll
1573 4067 1604 4126 ’τ
1624 4039 1717 4099 mm
1731 4041 1898 4127 autographo
1912 4045 1938 4099 ⁵⁰
1953 4045 2014 4101 ⁰⁰³·
2028 4045 2097 4100 Mo·

50 4172 137 4218 rum
153 4169 228 4218 esse
242 4147 288 4218 ad
307 4170 371 4216 vos
386 4139 566 4246 Gaelsum
580 4142 608 4244 ¹)
630 4148 732 4218 illum
749 4171 812 4219 seu
831 4142 1053 4234 Catilinam,
1204 4109 1306 4250 :lesaii
1349 4110 1451 4234 '.¹t)ci.'
1462 4111 1827 4251 pppnpnppptpuatacnpm
1849 4114 2098 4186 asumptum„

50 4250 159 4319 carius
180 4248 376 4320 recitantur
398 4271 500 4319 voces
519 4250 606 4318 adeo
624 4248 812 4336 immanes,
834 4265 963 4322 utnon
978 4247 1053 4320 exi·
1605 4288 1609 4296 ·

49 4351 199 4420 stimem
224 4347 429 4439 Rugianum
463 4351 566 4420 illum
599 4349 650 4420 sic
681 4351 780 4444 loqui
810 4375 934 4422 ausum
969 4373 1051 4423 esse.
1101 4347 1385 4444 Hieronymo
1422 4343 1786 4444 Bom'gartnero,
1833 4350 2008 4425 Senatori
2038 4353 2097 4424 in·

51 4449 137 4520 Oro
162 4463 279 4520 autem
302 4450 414 4522 lilium
438 4449 505 4522 Dei
529 4451 724 4522 Dominum
754 4466 914 4522 nostrum
935 4450 1052 4523 Iesum
1366 4447 1486 4546 alytae
1512 4451 1615 4523 urbis
1641 4449 1840 4549 Noriberg.

49 4547 260 4636 Christum,
286 4564 326 4622 ut
343 4549 536 4624 Ecclesiam
557 4553 596 4620 in
618 4553 706 4623 urbe
729 4569 860 4640 vestra,
888 4567 923 4624 et
945 4567 1052 4644 tugu-

50 4654 149 4723 riola
177 4675 256 4722 cum
288 4654 409 4743 parvis
440 4654 576 4744 pueris,
612 4667 647 4724 et
677 4655 858 4753 puerperis
884 4668 1053 4746 protegat.

51 4752 144 4822 Vidi
175 4751 216 4826 ἕν
243 4748 376 4849 ὀνείρῳ
399 4756 536 4826 duriter
558 4755 692 4845 pulsari
716 4756 817 4825 illum
844 4751 1050 4847 Guelphum

47 4849 388 4930 aMaatmitr'ano.
437 4852 488 4926 Et
508 4857 664 4926 fortassis
690 4859 734 4928 ad
750 4855 941 4926 Maximini
963 4869 1052 4926 tern-

48 4957 158 5050 plum
173 4953 428 5048 vicinumurbi
444 4955 675 5028 Trevirorum
692 4959 916 5049 pugnabitur.

1102 4587 1150 4676 S.
1173 4597 1218 4673 D.
1270 4597 1352 4670 Scio
1374 4612 1408 4668 te
1430 4598 1627 4670 intuentem
1652 4601 1864 4692 cogitatione
1881 4603 1919 4674 in
1935 4598 2028 4676 hanc
2045 4620 2097 4677 te·

1102 4717 1191 4773 tram
1221 4699 1462 4769 contusionem
1498 4701 1795 4790 gubernationum
1828 4705 1866 4774 in
1893 4703 2098 4793 Germania,

1100 4825 1202 4893 saepe
1232 4815 1305 4872 toto
1336 4823 1483 4892 corpore
1508 4797 1764 4880 cohorrescere.
1822 4805 1892 4878 Sed
1913 4807 1994 4876 talis
2015 4831 2097 4880 cum
2125 4847 2133 4860 ·

1100 4918 1189 4974 esset
1214 4903 1347 4971 ultimis
1368 4901 1588 4994 temporibus
1613 4907 1773 4976 conluuio
1801 4906 1839 4976 in
1861 4903 2010 4994 Iudaea,
2041 4921 2096 4980 ta·

1099 5027 1182 5073 men
1213 5003 1263 5073 ibi
1289 4999 1480 5082 Ecclesiam
1508 5028 1608 5075 suam
1633 5007 1731 5078 Deus
1757 5007 1848 5078 rexit
1874 5021 1908 5078 et
1932 5004 2103 5095 servavit,

157 5053 212 5126 De
229 5053 403 5176 ‚Bamcss
432 5057 730 5178 di⁸p⁰t³¹i⁰¹iib⁰⁸
759 5058 844 5128 mvi
870 5054 963 5128 nihil
986 5053 1051 5128 Μ’
1099 5101 1326 5186 Zachariam,
1358 5099 1601 5178 Elisabetham
1661 5105 1813 5180 Mariam
1867 5131 2025 5182 sororem
2058 5122 2096 5183 et

46 5160 142 5248 beo,
175 5170 241 5230 etsr
263 5181 400 5230 mecum
416 5161 486 5232 furt
502 5173 584 5232 ante
601 5161 759 5232 triduum
774 5154 1052 5252 homoprndens
1610 5159 1629 5192 ’—
1821 5162 1832 5196 ι

80 5391 114 5464 1)
134 5385 381 5448 unaminiter
399 5385 553 5444 litomeris.
1062 5423 1065 5430 ,
1132 5379 1384 5450 21Brenta'aceetp.
1401 5397 1459 5436 aon
1479 5376 1563 5437 edidit
1579 5377 1662 5437 saue.
