4658 5818
223 243 300 318 818
817 235 1253 318 EPISTOLARUM
1313 235 1529 336 Pul-,m
1557 238 1689 320 1661.
2188 239 2256 314 824

224 414 351 507 probo.
401 411 489 500 legi
502 433 628 502 nempe
645 411 817 504 quaedam
834 423 894 482 tua
908 409 1050 502 scripta.
1092 407 1218 480 Habeo
1269 405 1379 498 pietas
1393 370 1595 500 ‘praecipue
1623 409 1690 480 tibi
1713 423 1748 480 et
1766 409 1839 482 tuis
1858 406 1976 480 levare
1996 411 2122 495 debet,
2154 435 2258 504 quam

226 517 332 586 etiam
355 513 522 602 gratiam,
554 515 650 604 quod
673 511 816 582 edidisti
829 508 873 584 τὸ
889 505 1119 611 σύγγραμμα
1135 505 1218 605 περὶ
1268 533 1349 578 curn
1364 523 1398 580 et
1413 509 1451 578 in
1468 510 1540 582 vita
1555 523 1589 580 et
1605 509 1643 580 iu
1661 533 1773 600 agone
1789 512 2037 594 declaraverit,
2062 535 2139 582 non
2154 512 2257 582 dubi-

225 607 481 698 δικαιοσύνας,
520 613 690 704 scriptum
716 639 737 684 a
763 613 841 684 viro
868 615 971 684 docto
998 627 1032 683 et
1057 612 1154 702 gravi
1181 613 1216 685 d.
1269 621 1382 678 temus
1397 633 1478 679 eum
1493 611 1586 682 inter
1602 635 1662 682 eos
1678 635 1768 696 esse,
1798 613 1843 682 de
1859 612 1990 706 quibua
2005 613 2178 704 scriptum
2195 627 2255 684 est:
2318 659 2319 698 ,

224 713 378 812 Aepino.
429 705 619 783 Osiander
641 729 734 786 recte
748 711 784 810 *)
809 716 963 786 eruditas
980 737 1036 784 res
1050 737 1143 782 nova
1158 737 1216 782 so-
1266 705 1382 778 Beati
1401 707 1540 780 mortui
1561 709 1630 810 qui
1651 710 1692 782 in
1713 708 1882 782 Domino
1903 711 2124 788 moriantur.
2188 711 2256 784 Nec

223 814 373 910 phistica
396 815 602 900 conturbat,
628 818 673 886 de
694 841 763 910 qua
781 817 930 886 scribam
947 815 1138 908 aliquando
1156 837 1216 883 co·
1268 811 1335 900 ipsi
1355 811 1494 882 labores
1512 815 1712 884 studiorum
1732 813 1934 906 perierunt,
1960 839 2040 884 cum
2065 839 2103 884 se
2125 809 2256 884 adhoc

223 917 370 1010 pionius.
405 915 480 988 Nos
494 917 740 1008 repetitionem
758 917 987 986 confessionis
1001 916 1215 1007 scripsimus,
1268 913 1449 1006 iter0recte
1468 915 1749 1004 praeparaverit,
1776 915 1927 1004 gestiens
1948 915 2151 986 etiamtum
2171 915 2257 983 reci-

224 1015 460 1090 exhibendam
479 1019 633 1112 syuodo,
666 1019 696 1086 si
717 1019 803 1110 quid
819 1018 1046 1106 flagitabitur.
1095 1013 1146 1086 Et
1158 1016 1215 1084 in·
1267 1027 1355 1082 taret
1384 1015 1579 1084 moriturus
1608 1010 1694 1084 haec
1720 1017 1847 1100 verba,
1886 1011 2009 1111 (paam
2036 1012 2258 1085 eonstituisti

224 1131 413 1212 spexerunt
434 1119 505 1187 iam
529 1120 633 1190 multi
658 1120 752 1189 docti
776 1131 811 1188 et
834 1120 920 1188 boni
943 1119 1022 1192 viri.
1073 1115 1214 1188 Curabo
1265 1107 1420 1206 μεσίτην
1450 1110 1515 1196 καὶ
1548 1111 1688 1210 ἱκέτην)
1725 1114 1872 1188 Utinam
1905 1117 2040 1186 viventi
2071 1115 2257 1206 manicati

223 1235 267 1292 ut
287 1234 327 1290 tu
351 1243 493 1314 quoque
514 1212 645 1290 habeas
665 1219 873 1308 exemplum.
929 1219 1034 1289 Nunc
1056 1233 1090 1288 te
1111 1218 1215 1286 valde
1266 1213 1345 1282 aliis
1371 1213 1496 1284 officiis
1518 1217 1720 1306 potuissem.
1777 1213 1883 1288 Nunc
1904 1212 1991 1287 haec
2008 1215 2124 1289 tristia
2147 1217 2257 1286 officia
2319 1251 2320 1318 3

224 1345 307 1406 oro,
348 1333 390 1391 ut
415 1317 499 1390 huic
525 1320 737 1390 adolescenti
764 1317 1007 1410 Fribergensi,
1044 1311 1217 1388 Iohanni
1266 1327 1414 1406 praesto.
1463 1313 1561 1388 Bene
1578 1317 1667 1392 vale.
1713 1314 2042 1390 DieBartolemaei.

224 1418 381 1505 Slumm,
406 1434 553 1510 cognato
569 1422 723 1492 doctoris
744 1415 919 1503 Welleri,
944 1443 1070 1513 queras
1083 1442 1214 1488 munus

225 1519 471 1594 scholasticum
487 1523 543 1590 vel
557 1525 650 1613 apud
666 1543 729 1590 vos
744 1521 800 1589 vel
815 1523 913 1596 alibi.
945 1520 1061 1592 Possit
1075 1515 1214 1590 honesti
1269 1535 2254 1556 *ww*-

225 1607 313 1692 civ'is
328 1623 458 1692 liberos
475 1624 628 1696 erudire.
680 1621 832 1712 Agesde
850 1647 890 1692 eo
908 1637 1037 1694 etcum
1055 1622 1213 1691 virodo-
1277 1683 1310 1754 N
1361 1679 1433 1756 494
2163 1687 2194 1752 Α

225 1724 398 1807 ctissimo,
430 1723 493 1817 qui
514 1725 615 1794 docet
637 1723 676 1792 iu
698 1723 787 1792 urhe
802 1737 913 1794 vestra
930 1723 1213 1802 adolescentiam,
1269 1686 1479 1812 ω
2079 1697 2248 1810 Q

225 1837 360 1895 etcum
381 1819 622 1917 typographis.
673 1821 726 1894 lta
748 1823 815 1893 tibi
831 1848 912 1894 eum
928 1826 1155 1908 commendo,
1180 1835 1214 1900 et
1585 1864 1619 1950 1
1680 1867 1742 1952 M
1768 1867 1834 1950 uh
1896 1869 1905 1888 .

224 1949 304 1994 meo
329 1939 363 1995 et
392 1918 559 1996 Wllert
580 1926 741 2008 nomine,
776 1949 880 2018 quem
903 1925 970 1994 scis
995 1949 1067 1994 esse
1095 1925 1211 1994 virum
1615 1894 1654 1950 ⁰·
1737 1893 1767 1952 a
1838 1893 1941 1954 ⁰⁸¹⁰·

224 2025 511 2114 integerrimum,
547 2039 589 2096 ut
614 2026 763 2094 maxime
782 2051 898 2112 orem,
931 2049 976 2093 ne
1000 2023 1212 2095 adolescenti
1334 2025 1419 2100 Epist.
1437 2025 1485 2080 lib·
1500 2025 1538 2082 1¹·
1556 2045 1583 2098 a·
1596 2023 1685 2097 721‘1·
1703 2026 1757 2095 (aa.
1776 2025 1864 2084 1⁴⁰⁰&
1883 2025 1931 2082 ttb.
1946 2025 1983 2082 ¹¹·
2001 2045 2044 2100 ep.
2058 2027 2127 2094 57.)-

209 2122 409 2215 ¹ingenioso
431 2138 466 2196 ct
486 2129 575 2194 bene
597 2141 733 2196 morato
751 2127 852 2200 desis.
903 2123 1002 2196 Bene
1016 2127 1105 2198 vale.
1154 2126 1213 2195 die

224 2221 583 2318 20,Augu,ri1551‚
1467 2177 1521 2258 D.
1548 2175 1765 2253 Iohanni
1787 2177 2057 2255 Matthesio

736 2321 1164 2420 PhilippusMelanthon.
1267 2313 1314 2400 S.
1339 2323 1384 2398 D.
1437 2325 1645 2400 Reverendo
1669 2329 1724 2396 vir
1745 2341 1780 2400 et
1801 2325 2003 2398 charissime
2025 2331 2153 2414 frater,
2186 2329 2260 2400 lm·

1267 2430 1396 2521 pendet
1411 2429 1527 2498 fatalis
1542 2430 1690 2499 mutatio
1707 2431 1874 2500 omnibus
1889 2431 2070 2519 gentibus,
2098 2432 2207 2500 etiam
2222 2433 2261 2500 in

223 2541 552 2559 w

224 2681 281 2753 No
306 2680 410 2756 4942
1041 2689 1086 2754 Ν
1114 2689 1165 2750 Au
1268 2629 1448 2700 Hactenus
1482 2631 1576 2700 enim
1609 2643 1644 2699 et
1669 2629 1851 2699 Praesides
1885 2625 2167 2700 Wcrlmlaoram
2200 2657 2262 2703 seu

232 2732 422 2808 „Ka-⁸
1038 2709 1208 2806 „ow-g.
1269 2730 1470 2847 Principes,
1503 2745 1537 2802 et
1564 2731 1632 2822 ipsi
1664 2725 2261 2850 liblachi'retinueruntnomeu

566 2865 661 2950 Nic·
679 2863 875 2964 Halmio·
1269 2823 1543 3000 flandrensem:
1578 2855 1674 2900 nnnc
1692 2855 1829 2948 recens,
1863 2855 1968 2947 ¹⁵.‘³¹.¹¹
1988 2833 2160 2922 praefuit,
2186 2859 2260 2970 see-

1284 2945 1376 3002 erate
1405 2935 1539 3004 abiecta
1565 2933 1781 3023 professione
1804 2921 2046 3018 Christiana,
2078 2935 2262 3026 amplexus

294 3019 378 3094 Elm-
397 3017 444 3078 lb·
459 3019 491 3076 ¹¹·
510 3038 537 3092 ¹³⁹
551 3021 612 3076 ⁵⁵⁵·
630 3019 684 3089 (ea.
702 3018 792 3076 [Μ
811 3019 859 3074 tib.
873 3015 906 3074 Π·
924 3037 967 3091 Ῥ·
981 3019 1059 3090 ⁵⁷⁷l
1269 3045 1320 3104 est
1333 3026 1627 3102 Mahometicant
1645 3033 1869 3122 impietatem,
1895 3047 1929 3102 et
1940 3034 2052 3104 edicta
2066 3037 2262 3128 proposuit,

1276 2523 1491 2601 Walachia
1515 2544 1631 2600 motos
1653 2530 1763 2598 exorti
1783 2545 1866 2601 sunt
1880 2545 2025 2620 propter
2040 2533 2260 2620 religionem.
2321 2523 2322 2588 l

226 3173 282 3248 D·
307 3173 511 3250 Nicolao
540 3167 758 3264 clausio,
783 3167 942 3247 consuli
956 3171 1216 3255 frankenhus·
1271 3135 1308 3202 in
1326 3135 1456 3227 quibus
1475 3135 1644 3225 populum
1663 3134 1761 3202 iubet
1784 3133 1914 3202 imitari
1929 3159 2031 3203 suram
2050 3137 2262 3226 exemplum.
2322 3173 2323 3180 ³

1271 3235 1397 3304 Factus
1407 3248 1458 3305 est
1472 3235 1579 3323 igitur
1593 3234 1744 3324 impetus
1758 3233 1797 3302 in
1813 3259 1892 3304 eum
1910 3257 2083 3303 consensu
2098 3237 2259 3304 omnium

228 3313 277 3403 S.
311 3323 356 3398 D.
419 3325 675 3397 Honestissime
708 3325 765 3398 vir
798 3339 833 3396 et
865 3329 976 3397 amice
1004 3323 1217 3413 charissime,
1271 3331 1471 3416 ordinum,
1504 3349 1537 3405 et
1561 3329 1837 3424 comprehensus
1857 3349 1999 3418 necatus
2023 3337 2111 3404 etin
2125 3337 2260 3404 flumen

229 3429 375 3502 Utinam
393 3451 459 3517 pro
481 3428 552 3498 tuis
573 3427 685 3498 literis
700 3427 939 3497 amantissime
952 3429 1108 3519 scriptis,
1134 3433 1218 3500 mit·
1271 3437 1425 3504 abiectus
1449 3451 1509 3505 est.
1558 3433 1682 3504 Postea
1708 3427 1899 3504 Wulachi
1920 3437 1962 3502 ad
1988 3432 2121 3525 Regem
2147 3431 2258 3505 Polo-

227 3545 302 3601 tere
317 3524 513 3620 Epistulam
536 3542 742 3618 argumento
760 3551 832 3596 non
847 3529 939 3598 tristi
956 3531 1120 3618 scriptam
1137 3555 1219 3624 pos-
1271 3535 1389 3604 uicum
1413 3537 1602 3620 misenrnt,
1636 3548 1671 3604 et
1693 3559 1773 3604 cum
1793 3560 1834 3606 eo
1854 3531 2044 3606 etMoscis
2063 3533 2090 3630 ¹)
2112 3539 2257 3606 societa-

228 3655 312 3704 sem.
364 3627 435 3700 Sed
457 3629 552 3699 nosti
568 3645 602 3700 et
622 3624 858 3699 humanarum
878 3654 996 3700 rerum
1013 3631 1218 3703 inconstau-
1270 3654 1339 3707 tem
1356 3637 1524 3722 iecenrnt,
1550 3650 1585 3707 et
1598 3631 1636 3705 T
1637 3634 1795 3704 urcicam
1810 3635 2054 3730 Tyrauuidem
2067 3639 2255 3710 excutiunt.

228 3732 337 3809 tiam,
369 3744 404 3800 et
419 3753 485 3802 nos
502 3731 677 3800 voluntati
693 3727 761 3799 Dei
776 3755 896 3817 parere
915 3745 1089 3822 oportere.
1143 3731 1217 3803 An·
1271 3737 1382 3806 Deum
1408 3759 1566 3818 oremus,
1596 3751 1634 3806 ut
1658 3737 1790 3829 ubique
1810 3733 2002 3806 Ecclesiam
2026 3737 2095 3806 sihi
2120 3740 2256 3826 colligat

229 3833 305 3902 dies
329 3830 437 3919 igitur
459 3831 599 3901 [attalem
624 3853 742 3900 casum
767 3830 850 3900 Filii
876 3832 994 3902 fratris
1020 3834 1073 3901 tui
1095 3830 1220 3904 Ulrici
1270 3851 1304 3906 et
1324 3853 1491 3928 protegat.
1543 3835 1618 3906 Hae
1638 3850 1739 3906 nocte
1761 3837 2254 3930 quinquedomusinsubur·

229 3933 368 4002 minore
382 3933 491 4001 animi
507 3931 782 4024 perturbatione.
816 3929 911 4000 Dum
926 3929 1080 4003 Ulricns
1096 3957 1218 4024 aegro·
1273 3939 1329 4008 hio
1358 3954 1478 4008 nostro
1496 3938 1758 4026 conflagrarunt
1775 3933 1815 4032 ²).
1867 3936 1955 4006 llcri
1979 3938 2096 4006 literas
2120 3963 2139 4006 a
2164 3939 2256 4012 Dure

229 4047 309 4105 tans
328 4033 411 4101 inde
429 4055 539 4125 usque
560 4055 580 4101 a
598 4057 699 4116 vere,
725 4057 797 4101 non
820 4033 898 4102 vult
910 4033 1109 4127 relinquere
1126 4031 1218 4107 hauc
1265 4033 1662 4129 'lhussiaaaccepimua
1688 4038 1726 4106 in
1743 4039 1871 4130 quihus
1885 4039 2004 4107 scribit
2018 4061 2055 4108 se
2069 4039 2253 4110 missurum

229 4129 478 4220 Academiam,
517 4157 597 4202 cum
623 4134 766 4224 quidem
789 4132 950 4203 Medicus
972 4137 1028 4204 vir
1049 4137 1162 4206 tidelis
1184 4153 1219 4208 et
1269 4165 1342 4211 esse
1367 4139 1468 4208 uobis
1492 4139 1744 4228 disputationes
1765 4163 1909 4208 suorum
1930 4139 2148 4208 iudicandas.
2197 4139 2255 4209 Li-

229 4236 389 4328 prudens
401 4233 523 4304 suisset
537 4227 708 4311 hortator,
724 4249 764 4304 ut
777 4236 960 4318 secederet,
975 4237 1118 4306 tandem
1135 4238 1218 4308 vicit
1271 4255 1360 4310 teras
1384 4257 1460 4312 tuas
1478 4261 1518 4310 ac
1536 4240 1651 4330 potios
1671 4239 1820 4326 teipsum
1838 4253 1993 4328 expecto.
2042 4235 2142 4309 Bene
2160 4255 2195 4311 et
2209 4241 2254 4309 ls-

229 4335 349 4406 morbi
362 4335 427 4420 vis,
445 4359 484 4404 ac
498 4331 566 4404 Dei
580 4334 762 4404 voluntate
775 4330 816 4404 U
815 4332 928 4404 Irieus
941 4337 978 4404 in
993 4333 1217 4408 Academiam
1271 4343 1383 4413 liciter
1397 4343 1485 4416 vale.
1534 4337 1602 4410 Die
1619 4339 1680 4412 27.
1695 4334 1847 4430 Augusti
1869 4335 1978 4414 1551.

231 4451 407 4508 aeternam
429 4437 473 4507 ad
496 4437 676 4506 doctorem
693 4431 826 4504 Filium
849 4435 936 4520 Dei,
961 4451 996 4506 et
1017 4439 1062 4506 ad
1078 4441 1216 4530 agmina

120 4545 128 4552 '
231 4532 372 4608 scholae
395 4537 568 4620 coelestis,
593 4539 774 4606 traductus
796 4549 848 4606 est
862 4529 937 4624 ”).
988 4535 1077 4606 Nam
1100 4540 1136 4606 in
1161 4541 1217 4610 in·
1277 4565 1367 4580 -···

229 4639 413 4710 vocatione
428 4635 510 4708 Filii
526 4636 612 4720 Dei,
637 4651 670 4707 et
687 4639 779 4708 inter
794 4635 873 4706 vot‘a
891 4637 1026 4728 placide
1044 4633 1219 4712 exhalavit

230 4739 399 4813 animam.
461 4735 540 4808 Etsi
565 4753 681 4808 autem
703 4739 874 4808 naturalis
897 4733 1035 4836 στοργὴ
1058 4740 1217 4810 dolorem
1281 4711 1482 4789 Notata.
1639 4809 1643 4816 ,
2081 4713 2250 4832 Q

230 4843 360 4926 adfert,
386 4853 421 4911 et
438 4836 534 4910 Deus
553 4840 630 4908 vult
648 4861 714 4908 nos
734 4839 909 4908 desiderio
931 4852 1133 4910 nostrorum
1155 4845 1219 4912 ad·
1782 4895 1787 4908 .
1817 4892 1826 4913 .
1889 4891 1898 4912 .

230 4943 303 5012 lici:
340 4955 459 5012 tamen
489 4939 555 5010 scis
578 4935 647 5009 hoc
668 4963 810 5032 quoque
830 4964 849 5007 a
873 4935 948 5010 Deo
974 4941 1145 5033 praecipi,
1179 4959 1219 5014 ut
1491 4957 1493 4960 ’
1586 4889 1680 4976 1⁰⁰·
1711 4891 1936 4976 dehw’

230 5044 390 5114 dolorem
416 5042 661 5124 moderemur,
696 5063 801 5133 quem
828 5041 971 5132 quidem
987 5043 1219 5114 adolescentis
1340 5047 1425 5120 Eptn.
1439 5047 1485 5105 fib.
1499 5049 1531 5105 tt.
1550 5067 1578 5122 p.
1593 5049 1655 5105 stt.
1673 5050 1727 5120 (ed.
1742 5051 1827 5106 tend.
1844 5051 1892 5104 tta.
1910 5049 1946 5106 n.
1958 5066 2002 5120 ep.
2014 5046 2099 5116 tot.)-

262 5231 293 5298 ι1)
311 5227 495 5300 Apograplaou
508 5226 573 5282 mihi
587 5225 700 5280 miseram
712 5224 808 5280 habet:
827 5235 908 5280 serta
1306 5231 1333 5292 1)
1356 5227 1523 5285 Muscariiri

262 5313 307 5378 ”)
332 5311 375 5364 De
397 5311 492 5364 lunera
510 5309 602 5366 Ulrici
619 5309 722 5366 Claurii
742 5311 769 5367 d.
783 5307 827 5365 22.
842 5309 914 5382 Aug.
938 5309 1013 5368 1551.
1034 5311 1092 5370 sid.
1113 5309 1220 5386 Scripta
1304 5313 1333 5383 2)
1354 5313 1416 5368 Vid.
1435 5315 1533 5384 Script.
1552 5313 1628 5384 publ.
1645 5313 1726 5370 Pom.
1742 5313 1763 5368 l.
1781 5331 1806 5384 p.
1819 5311 1878 5368 869.
1892 5320 1920 5367 st
1940 5309 2005 5366 ilsid.
2022 5309 2142 5384 edingen
2162 5311 2255 5368 licetn-

297 5378 372 5450 pnbl.
385 5377 419 5438 T.
432 5379 453 5432 l.
471 5395 497 5447 p.
509 5377 569 5434 112.
1339 5381 1378 5436 ris
1391 5382 1446 5436 dat.
1461 5401 1554 5437 meuse
1566 5386 1637 5454 Aug.
1650 5384 1727 5439 1561.
