4684 5802
228 257 324 334 ror:
784 257 1222 339 uets'ronaxuu
1271 263 1490 340 urnxu.
1546 235 1679 342 :aaa
2179 269 2272 342 rou

225 427 414 524 proposui:
448 447 527 499 cum
545 425 652 496 simul
671 421 870 498 intueretur
886 427 1038 498 mensio
1057 452 1096 498 ea
1113 428 1223 500 dicta:
1274 429 1324 502 sic
1349 423 1550 520 Prophetae
1576 427 1788 498 exclusivatu
1813 441 2071 520 expresserunt.
2137 428 2213 502 sed
2235 431 2275 502 de

225 555 316 626 quae
335 529 530 612 affirmant,
561 525 679 598 Deum
696 530 875 600 custodem
893 544 927 600 et
943 543 1223 600 conservatorem
1277 531 1450 624 particula
1471 525 1587 614 Sola,
1619 543 1789 622 perpetua
1811 545 1862 602 est
1885 527 1970 602 haec
1991 531 2275 602 adversariorum

227 655 300 702 esse
334 643 369 702 et
393 625 573 700 Ecclesiae
604 654 686 702 suae
713 645 747 702 et
774 627 1010 722 hospitiorum
1036 627 1224 706 Ecclesiae.
1276 632 1476 718 cavillatio,
1503 629 1628 702 Fidem
1651 655 1724 702 nou
1744 633 1958 708 essesoltm.
2009 631 2120 722 Quod
2137 631 2275 702 verissi-

226 732 328 806 Sicut
342 733 386 801 de
400 725 558 802 Ecclesia
575 731 707 825 inquit:
742 727 881 802 Omnes
898 733 1015 826 capilli
1034 731 1157 826 capitis
1171 731 1224 804 tui
1277 758 1375 804 mum
1390 745 1460 818 est,
1484 735 1528 804 de
1542 757 1583 804 aa
1597 733 1804 826 praesertim
1822 734 1909 817 fide,
1934 733 1980 804 de
1994 759 2064 828 qua
2081 735 2278 828 loquuntur

227 830 405 906 numerati
421 846 514 908 sunt.
565 829 629 904 Et:
654 829 728 904 Ero
743 857 866 903 murus
882 831 1006 924 igneus
1020 837 1058 904 in
1075 833 1225 906 circuitu
1277 831 1454 904 Ecclesiae
1472 847 1633 920 nostrae,
1658 857 1738 906 cum
1754 831 1940 924 Evangelii
1956 835 2140 928 propriam
2159 861 2277 906 vocem

229 959 364 1007 eorum.
415 931 492 1004 Hac
516 933 622 1004 erecti
648 933 889 1005 consolatione
912 961 1092 1028 speremus
1109 935 1224 1007 Deum
1279 949 1461 1026 repetunt,
1486 935 1575 1006 Fide
1588 937 1830 1010 iustificamur.
1882 934 2057 1008 Vitandae
2075 937 2275 1028 igitnram-

228 1037 311 1106 liliis
333 1052 368 1108 et
391 1033 533 1106 filiabus
552 1035 684 1108 nostris
707 1037 871 1108 daturum
897 1061 971 1108 esse
992 1039 1131 1134 aliquos
1151 1064 1226 1108 me·
1278 1037 1460 1128 biguitatis
1480 1063 1583 1108 causa
1599 1037 1700 1122 dico,
1725 1061 1780 1106 me
1793 1032 1852 1108 hic
1867 1061 1942 1106 uon
1958 1039 2096 1130 litigare
2109 1041 2156 1107 de
2173 1039 2277 1132 parti-

230 1137 539 1211 diocresnidulos.
1151 1143 1162 1152 '
1279 1141 1357 1210 cula
1372 1135 1479 1210 Sola.
1529 1137 1578 1210 Et
1599 1139 1695 1212 scitis
1711 1163 1817 1232 pram
1834 1139 1938 1210 multi
1955 1141 2127 1230 flagitiose
2145 1140 2277 1210 intelli-

335 1237 435 1308 Tuae
458 1239 551 1310 filiae
570 1237 727 1330 gratulor
739 1233 927 1312 honestum
942 1241 1169 1332 coniugium,
1194 1257 1228 1312 et
1280 1245 1369 1330 gunt
1391 1243 1603 1332 particulam
1629 1237 1736 1314 Sola.
1787 1237 1862 1311 lam
1889 1265 1973 1312 vero
2000 1241 2040 1312 iu
2065 1243 2277 1312 refutatione

230 1343 351 1414 Deum
369 1355 563 1420 aeternum,
585 1341 723 1410 Patrem
739 1337 886 1410 Domini
902 1344 1013 1413 nostri
1032 1343 1109 1414 lesu
1122 1339 1228 1414 Chri·
1280 1368 1385 1435 quam
1402 1343 1504 1425 misi,
1530 1365 1648 1433 pugno
1664 1367 1744 1413 cum
1762 1341 1909 1434 illisqui
1926 1343 2069 1429 dicunt,
2095 1338 2277 1412 homiuem

230 1443 296 1524 sti,
321 1437 553 1512 Conditorem
571 1435 718 1512 huurani
736 1445 895 1532 generis,
920 1459 953 1514 et
970 1460 1127 1516 eruorem
1146 1445 1228 1515 dul-
1280 1445 1469 1514 dilectione
1483 1445 1616 1514 iustum
1634 1467 1723 1514 esse:
1757 1443 1861 1528 item,
1886 1443 2114 1514 dilectionem
2133 1447 2278 1514 esseiu-

231 1543 363 1614 cissimi
392 1543 564 1628 foederis,
601 1567 684 1628 oro,
725 1541 848 1631 faciat,
882 1559 922 1616 ut
954 1547 1159 1636 coniugium
1195 1563 1228 1616 et
1280 1545 1416 1615 sticiam
1445 1541 1706 1615 inhaerentem:
1743 1559 1776 1614 et
1802 1567 1946 1635 prorsus
1971 1545 2142 1616 omittunt
2163 1545 2278 1626 fidem,

230 1668 380 1736 sponsae
402 1657 435 1714 et
452 1667 581 1736 sponso
598 1643 643 1714 sit
658 1645 811 1716 faustum
829 1661 864 1716 et
878 1645 983 1732 felix,
1015 1663 1049 1718 et
1066 1647 1229 1718 Parenti-
1281 1647 1363 1738 quia
1390 1649 1545 1736 cogitant
1574 1647 1678 1714 fidem
1707 1657 1845 1716 tanturn
1872 1645 2039 1715 noticiam
2065 1669 2151 1718 esse.
2213 1644 2279 1714 llic

230 1747 299 1816 bus
319 1745 505 1838 utriusque
520 1745 728 1820 iucundum.
781 1745 852 1832 Ac,
875 1763 916 1818 ut
931 1749 1140 1839 significatio
1155 1751 1226 1818 voti
1281 1771 1417 1836 pugno,
1452 1772 1496 1818 nc
1519 1748 1604 1816 fides
1629 1769 1773 1838 prorsus
1795 1747 1995 1833 omittatur,
2028 1771 2109 1818 curu
2131 1748 2280 1816 virtutes

231 1848 302 1917 mei
312 1847 405 1938 apud
424 1871 487 1916 vos
501 1861 610 1932 extet,
634 1847 738 1918 mitto
755 1871 902 1940 sponsae
916 1845 1111 1949 γαμήλιον,
1132 1854 1228 1946 quod
1282 1849 1320 1917 in
1355 1851 1460 1919 nobis
1493 1863 1729 1921 recensentur.
1797 1845 1973 1918 Existimo
2002 1847 2140 1928 antemi
2181 1849 2278 1916 illam

232 1949 265 2018 ei
291 1971 311 2018 a
335 1962 369 2018 te
397 1941 555 2018 exhiberi
587 1945 680 2022 volo.
741 1945 928 2044 Inscriptio
959 1953 1229 2022 commonefacit
1282 1975 1394 2020 meam
1417 1950 1664 2020 refutationem
1687 1949 1736 2020 ita
1754 1948 2180 2040 lirmametperspicuam
2196 1973 2279 2030 esse,

226 2073 299 2132 ‚nos
313 2051 356 2119 de
370 2045 464 2118 Filio
479 2045 563 2134 Dei,
589 2051 733 2120 custode
748 2047 937 2127 Ecclesiae.
988 2051 1085 2124 Bene
1101 2069 1136 2124 et
1149 2055 1229 2124 feli·
1281 2067 1321 2121 ut
1341 2055 1461 2122 dextre
1482 2051 1722 2122 iudicantibus
1742 2049 1820 2119 siue
1836 2050 2031 2134 calumnia,
2058 2051 2276 2121 satisfactura

232 2151 320 2222 citer
337 2149 425 2226 vale.
458 2155 494 2224 δ.
508 2151 566 2222 die
582 2149 678 2222 lunii
699 2147 808 2226 1552.
1281 2153 1337 2226 sit.
1369 2150 1417 2223 Et
1433 2153 1707 2224 declarationem
1725 2152 1884 2224 continet
1902 2152 2127 2222 conscientiis
2144 2152 2278 2222 utilem.

753 2249 941 2347 Philippus
954 2250 1179 2328 Melanthou.
1286 2253 1390 2324 Mitto
1411 2255 1565 2346 pagellas
1586 2266 1621 2322 et
1643 2253 1881 2322 illustrissimo
1899 2253 2053 2345 principi
2071 2247 2278 2330 Friderico,

1281 2367 1315 2426 et
1338 2356 1413 2425 eius
1435 2356 1602 2444 magistro
1626 2367 1661 2425 et
1680 2353 1761 2422 tiliis
1780 2353 1904 2422 vestris
1919 2347 2148 2428 exhibendas.
2202 2351 2275 2422 lam

1280 2457 1398 2548 accepi
1422 2457 1559 2537 literas,
1590 2455 1780 2550 inquibus
1805 2455 2068 2546 scriptumest,
2097 2453 2278 2546 Argento-

1280 2559 1347 2629 rati
1371 2559 1464 2630 cives
1481 2557 1577 2627 nolle
1593 2555 1803 2648 Hispanicas
1826 2557 1946 2646 copias
1965 2556 2002 2626 in
2019 2560 2145 2628 urbem
2163 2557 2277 2626 intro-
2335 2569 2336 2606 ³

243 2621 310 2696 NO-
324 2623 438 2694 5151·
1088 2627 1225 2758 Q
1281 2661 1431 2732 mittere.
1480 2657 1577 2728 Bene
1593 2659 1687 2744 vale,
1711 2660 1769 2728 die
1784 2657 1819 2732 6.
1837 2656 1943 2732 lunii.

529 2829 580 2918 a.
604 2827 928 2920 Baciiolzcro.

299 2989 396 3046 Manlii
411 2990 509 3074 farra&
527 3011 554 3062 p.
566 2992 601 3046 79
611 3011 670 3076 sqq.
698 2993 817 3074 liepetita
831 2998 859 3049 in
874 2995 942 3051 Mel.
958 2997 1060 3052 Consil.
1077 2997 1124 3052 lat.
1143 2997 1175 3054 P.
1191 2999 1224 3052 ll.

330 3080 357 3131 p.
371 3061 446 3130 118„
462 3063 535 3115 ubre
551 3061 659 3116 Perelio
672 3082 762 3116 minus
776 3077 850 3119 recte
863 3067 896 3118 ad
909 3085 974 3122 ann.
988 3067 1065 3121 1519.
1079 3067 1162 3124 relata
1175 3079 1225 3123 est.
1288 3095 1356 3170 No·
1371 3091 1485 3169 5¹32

1291 2923 1512 2934 m*

229 3209 441 3286 Reverendo
463 3217 557 3302 ciro,
583 3215 784 3288 eruditione
804 3229 835 3288 et
854 3219 987 3314 pietate
1000 3223 1223 3320 praestanti,

231 3313 381 3386 domiuo
414 3313 615 3414 Georgia
650 3313 969 3406 Bachholzer,
1007 3317 1223 3422 Praeposito
1527 3273 1615 3384 A
1643 3293 1989 3380 LWffl‘bMMO·

228 3415 419 3490 Ecclesiae
431 3415 512 3490 Dei
524 3423 563 3490 iu
578 3417 664 3490 urbe
678 3415 825 3510 Arctoa,
851 3425 1050 3497 amicosne
1064 3425 1222 3502 colendo.

1343 3477 1362 3546 †
1382 3473 1420 3528 E:
1438 3491 1533 3545 apogr.
1552 3471 1580 3525 in
1599 3469 1662 3526 cod.
1682 3467 1766 3523 Goth.
1786 3469 1846 3524 190.
1865 3487 1892 3538 p.
1908 3469 1964 3528 135.
1990 3451 1995 3461 ’

228 3557 449 3638 Veneranda
469 3569 540 3652 vir,
565 3583 599 3637 et
616 3569 726 3639 amice
745 3565 967 3642 charissime:
999 3571 1109 3648 Multi
1135 3579 1222 3648 boni

229 3685 264 3740 et
292 3673 482 3761 prudentes
512 3671 669 3740 iudicare
700 3687 864 3762 possunt,
899 3677 1075 3746 mediocre
1103 3705 1221 3750 meum

229 3773 386 3842 studium
402 3773 526 3852 luisse,
545 3787 586 3842 ut
600 3793 681 3842 carro
699 3771 744 3844 ab
760 3773 840 3842 aliis
855 3779 1114 3850 controversiae
1127 3783 1223 3851 mul-

229 3889 285 3944 tae
311 3887 345 3942 et
367 3897 531 3963 magnae,
563 3875 601 3941 in
624 3874 753 3966 quibus
775 3877 884 3946 multa
907 3877 1114 3950 indistincte
1126 3885 1221 3952 dice·
2333 3945 2334 3960 ,

230 3975 381 4059 bantur,
414 3990 530 4044 motae
555 3989 691 4060 essent,
717 3977 901 4066 explicatio
922 3993 1056 4052 extaret
1076 3985 1220 4076 proprio
1274 3968 1325 4057 S.
1351 3981 1395 4057 D.
1445 3980 1655 4054 Reverende
1671 3979 1727 4048 vir
1739 3994 1773 4052 et
1785 3978 1964 4050 carissime
1978 3980 2097 4052 frater.
2130 3979 2270 4052 Scimus
2333 3991 2334 4018 ¹

230 4097 356 4164 genere
387 4076 581 4158 sermonis,
618 4079 809 4148 necessaria
840 4081 1061 4166 iunioribus,
1088 4099 1122 4156 et
1144 4087 1222 4177 paci
1274 4099 1454 4178 utrunque
1469 4083 1690 4154 vocedivina
1706 4077 1925 4172 praedictum
1939 4103 2030 4162 esse,
2054 4080 2094 4148 in
2111 4075 2177 4150 hac
2194 4083 2271 4150 lan-

229 4175 340 4248 utilis.
392 4174 489 4265 Quid
510 4177 720 4264 ambiguitas
735 4201 871 4270 semper
886 4183 998 4274 gignit
1016 4187 1221 4262 discordias.
1273 4187 1379 4277 guida
1403 4199 1438 4256 et
1459 4185 1631 4254 delirante
1653 4183 1779 4253 mundi
1802 4196 1939 4250 senecta
1953 4181 2106 4252 maiores
2119 4183 2198 4254 fore
2212 4206 2270 4272 ge-

230 4277 342 4368 Spcro
364 4277 468 4349 etiam
490 4277 535 4348 ad
558 4300 768 4348 consensum
781 4277 1018 4354 Ecclesiae-um
1041 4288 1079 4356 iu
1099 4289 1222 4360 multis
1274 4287 1367 4358 neris
1382 4281 1530 4357 hornani
1544 4285 1787 4362 confusiones,
1812 4305 1917 4374 quam
1935 4281 2080 4352 suerunt
2094 4297 2212 4368 antea,
2239 4297 2272 4352 et

230 4379 337 4466 locis,
362 4381 536 4472 profuisse
560 4380 658 4448 illam
679 4381 856 4472 propriam
874 4384 1042 4478 loquendi
1061 4389 1221 4460 formam.
1273 4404 1391 4460 umen
1407 4389 1520 4458 filium
1535 4385 1604 4456 Dei
1617 4387 1846 4456 collecturum
1863 4405 1936 4454 esse
1952 4397 2130 4454 aeternam
2144 4379 2271 4454 Eccle-

229 4477 353 4574 Neque
374 4506 601 4572 nunc-genus
624 4485 804 4554 doctrinae
827 4487 991 4568 mutabo,
1021 4511 1135 4582 neque
1159 4519 1221 4561 cu·
1274 4491 1360 4561 siam
1388 4490 1494 4560 etiam
1525 4489 1619 4560 inter
1646 4486 1876 4576 imperiorum
1903 4485 2040 4556 ruinas.
2103 4481 2182 4554 Hac
2207 4510 2272 4555 nos

230 4607 305 4652 ram
341 4585 481 4674 proprie
513 4599 547 4654 ct
578 4600 672 4657 recte
704 4585 874 4680 loquendi
907 4589 1093 4680 deponam.
1150 4593 1220 4665 Sed
1274 4591 1513 4663 consolatione
1544 4603 1792 4660 sustentemus.
1859 4583 1932 4656 Nec
1965 4587 2121 4676 profecto
2157 4587 2269 4656 ullam

168 4729 171 4736 ·
230 4709 332 4776 saepe
359 4709 400 4753 ex
427 4685 505 4754 aula
530 4701 652 4756 vestra¹
669 4690 832 4758 insuaves
851 4685 1139 4781 reprehensiones
1158 4719 1221 4765 au·
1273 4695 1378 4762 aliam
1417 4692 1694 4762 consolationem
1734 4688 1871 4760 firmam
1911 4685 2033 4758 videre
2069 4709 2269 4777 possumus.

230 4787 308 4872 dio,
335 4809 422 4882 quas
443 4785 604 4878 publicae
628 4791 893 4884 tranquillitatis
908 4817 1009 4864 causa
1025 4795 1220 4870 dissimulo.
1272 4793 1478 4884 Principum
1500 4793 1671 4863 tumultus
1695 4804 1777 4860 sunt
1801 4785 1901 4857 varii.
1955 4785 2038 4876 Quo
2055 4787 2113 4858 die
2127 4789 2268 4878 captivo

231 4883 384 4960 Retiueo
418 4888 648 4960 exclusivam:
689 4906 722 4958 et
755 4893 844 4964 sicut
877 4909 977 4965 autea
1011 4897 1219 4990 plerumque
1273 4895 1445 4988 principi,
1474 4881 1957 4964 DucilohanniFn·derico
1979 4887 2134 4959 indicata
2153 4889 2268 4960 estli-
2331 4915 2332 4922 ¹

231 5014 315 5060 usus
331 5015 409 5062 sum
426 4988 595 5082 particula
611 4985 760 5074 Graiis,
787 5019 875 5085 quae
892 4999 1010 5066 minus
1023 4992 1130 5068 habet
1143 5023 1219 5068 am·
1271 4997 1423 5081 beratio,
1449 4997 1521 5065 imo
1535 5019 1603 5089 qua
1618 4989 1717 5078 hora,
1742 4989 1906 5082 videlicet
1921 4989 1978 5057 die
1999 4987 2057 5062 19.
2073 4987 2164 5060 Maii
2173 4983 2267 5060 hora

122 5150 127 5161 .
232 5089 427 5179 biguitatis,
452 5109 485 5164 et
505 5119 524 5163 a
548 5090 659 5165 Paulo
685 5109 893 5184 usurpatur,
919 5099 999 5192 qui,
1026 5114 1065 5170 ut
1085 5103 1219 5186 artifex,
1270 5113 1412 5192 quarta,
1440 5097 1478 5166 in
1492 5093 1560 5168 hoc
1576 5095 1709 5188 oppido
1724 5085 1806 5162 ante
1822 5103 1958 5182 possam
1973 5091 2180 5182 repagulum
2195 5091 2267 5161 ful-

231 5205 322 5264 recte
339 5193 452 5287 -loqui
482 5197 613 5282 voluit,
655 5197 705 5268 ita
730 5191 848 5268 adhuc
871 5223 910 5270 ea
931 5201 1101 5292 particula
1123 5215 1215 5274 utor.
1270 5201 1366 5270 mine
1379 5201 1487 5272 ictum
1503 5212 1565 5273 est.
1617 5187 1780 5267 Carolus
1795 5187 2132 5283 Imperatoretttex
2146 5207 2266 5284 postea

229 5287 310 5361 Cito
323 5293 429 5361 etiam
444 5297 572 5384 inipsa
583 5299 806 5382 refutatione,
828 5323 934 5391 quam
954 5302 1046 5384 misi,
1067 5303 1217 5374 dictum:
1269 5325 1310 5370 ex
1323 5293 1526 5394 Oeuipoute
1540 5300 1791 5379 discesserunt,
1818 5308 1853 5364 et
1868 5292 2127 5362 ratiocinantur
2138 5294 2264 5385 aliqui,

229 5387 311 5460 Non
336 5391 581 5466 iustificabitur
602 5400 639 5467 iu
660 5415 848 5493 conspectu
873 5416 934 5474 tuo
950 5403 1068 5472 omnis
1085 5404 1238 5488 vivens,
1267 5397 1477 5474 Bohemiam
1501 5403 1602 5473 vobis
1625 5401 1778 5471 vicinam
1799 5396 1873 5474 sore
1889 5393 2121 5468 hettiaedem.
2172 5392 2263 5464 ldsi

1275 3625 1487 3702 Reverendo
1502 3627 1580 3698 viro
1595 3625 1734 3696 nimia
1753 3621 1920 3694 doctrina
1936 3633 1967 3697 e!
2007 3627 2115 3700 ietate
2132 3641 2272 3710 amato,

1275 3731 1329 3806 D.
1357 3727 1558 3803 Antonio
1590 3721 1911 3814 Lauterbaclc,
1988 3729 2111 3798 astari
2133 3727 2270 3804 Eccles.
2333 3779 2334 3822 3

1399 3827 1479 3903 Dei
1494 3831 1533 3902 in
1549 3826 1694 3917 Bima,
1711 3827 1840 3928 fratri
1851 3853 1919 3899 suo
1935 3829 2144 3904 carissimo.
2333 3825 2334 3834 ’
