<?xml version="1.0" encoding="UTF-8"?>
<!DOCTYPE html PUBLIC "-//W3C//DTD XHTML 1.0 Transitional//EN"
    "http://www.w3.org/TR/xhtml1/DTD/xhtml1-transitional.dtd">
<html xmlns="http://www.w3.org/1999/xhtml" xml:lang="en" lang="en">
 <head>
  <title>
</title>
<meta http-equiv="Content-Type" content="text/html;charset=utf-8" />
  <meta name='ocr-system' content='tesseract 3.04.00' />
  <meta name='ocr-capabilities' content='ocr_page ocr_carea ocr_par ocr_line ocrx_word'/>
</head>
<body>
  <div class='ocr_page' id='page_1' title='image "./corpusreformato20melagoog/corpusreformato20melagoog_0566.png"; bbox 0 0 4684 5802; ppageno 0'>
   <div class='ocr_carea' id='block_1_1' title="bbox 68 259 1079 350">
    <p class='ocr_par' dir='ltr' id='par_1_1' title="bbox 68 259 1079 350">
     <span class='ocr_line' id='line_1_1' title="bbox 68 259 1079 350; baseline -0.011 -3"><span class='ocrx_word' id='word_1_1' title='bbox 68 269 167 350; x_wconf 82' lang='lat' dir='ltr'><strong>teat</strong></span> <span class='ocrx_word' id='word_1_2' title='bbox 653 259 1079 344; x_wconf 74' lang='lat' dir='ltr'><strong>sersaonantm</strong></span> 
     </span>
    </p>
   </div>
   <div class='ocr_carea' id='block_1_2' title="bbox 69 436 1083 2552">
    <p class='ocr_par' dir='ltr' id='par_1_2' title="bbox 69 436 1083 2552">
     <span class='ocr_line' id='line_1_2' title="bbox 69 436 1060 528; baseline -0.01 -14"><span class='ocrx_word' id='word_1_3' title='bbox 69 438 169 514; x_wconf 83' lang='lat' dir='ltr'><strong>varie</strong></span> <span class='ocrx_word' id='word_1_4' title='bbox 190 437 322 524; x_wconf 80' lang='lat' dir='ltr'><strong>cietur,</strong></span> <span class='ocrx_word' id='word_1_5' title='bbox 344 436 643 518; x_wconf 60' lang='lat' dir='ltr'><strong>succensentis</strong></span> <span class='ocrx_word' id='word_1_6' title='bbox 657 438 773 510; x_wconf 84' lang='lat' dir='ltr'><strong>ventis</strong></span> <span class='ocrx_word' id='word_1_7' title='bbox 794 438 979 528; x_wconf 86' lang='lat' dir='ltr'><strong>agitantur-</strong></span> <span class='ocrx_word' id='word_1_8' title='bbox 991 459 1060 506; x_wconf 89' lang='lat' dir='ltr'><strong>un-</strong></span> 
     </span>
     <span class='ocr_line' id='line_1_3' title="bbox 70 539 1062 634; baseline -0.011 -18"><span class='ocrx_word' id='word_1_9' title='bbox 70 546 137 616; x_wconf 83' lang='lat' dir='ltr'><strong>dae</strong></span> <span class='ocrx_word' id='word_1_10' title='bbox 152 552 187 610; x_wconf 88' lang='lat' dir='ltr'><strong>et</strong></span> <span class='ocrx_word' id='word_1_11' title='bbox 206 561 312 612; x_wconf 75' lang='lat' dir='ltr'><strong>mena</strong></span> <span class='ocrx_word' id='word_1_12' title='bbox 326 539 563 634; x_wconf 75' lang='lat' dir='ltr'><strong>iix-syrtibus?</strong></span> <span class='ocrx_word' id='word_1_13' title='bbox 599 539 704 612; x_wconf 87' lang='lat' dir='ltr'><strong>Unde</strong></span> <span class='ocrx_word' id='word_1_14' title='bbox 718 553 837 611; x_wconf 85' lang='lat' dir='ltr'><strong>tantae</strong></span> <span class='ocrx_word' id='word_1_15' title='bbox 850 539 1062 609; x_wconf 75' lang='lat' dir='ltr'><strong>calamitates</strong></span> 
     </span>
     <span class='ocr_line' id='line_1_4' title="bbox 70 635 1062 734; baseline -0.009 -18"><span class='ocrx_word' id='word_1_16' title='bbox 70 657 164 716; x_wconf 87' lang='lat' dir='ltr'><strong>sunt</strong></span> <span class='ocrx_word' id='word_1_17' title='bbox 182 635 371 712; x_wconf 87' lang='lat' dir='ltr'><strong>hominum</strong></span> <span class='ocrx_word' id='word_1_18' title='bbox 393 641 520 726; x_wconf 90' lang='lat' dir='ltr'><strong>etiam,</strong></span> <span class='ocrx_word' id='word_1_19' title='bbox 554 665 707 734; x_wconf 87' lang='lat' dir='ltr'><strong>qnorum</strong></span> <span class='ocrx_word' id='word_1_20' title='bbox 736 663 851 710; x_wconf 90' lang='lat' dir='ltr'><strong>mores</strong></span> <span class='ocrx_word' id='word_1_21' title='bbox 880 653 961 709; x_wconf 89' lang='lat' dir='ltr'><strong>sunt</strong></span> <span class='ocrx_word' id='word_1_22' title='bbox 986 640 1062 708; x_wconf 85' lang='lat' dir='ltr'><strong>sinc</strong></span> 
     </span>
     <span class='ocr_line' id='line_1_5' title="bbox 72 739 1062 834; baseline -0.006 -20"><span class='ocrx_word' id='word_1_23' title='bbox 72 744 222 822; x_wconf 90' lang='lat' dir='ltr'><strong>scelere,</strong></span> <span class='ocrx_word' id='word_1_24' title='bbox 254 755 296 812; x_wconf 88' lang='lat' dir='ltr'><strong>ut</strong></span> <span class='ocrx_word' id='word_1_25' title='bbox 317 765 530 834; x_wconf 91' lang='lat' dir='ltr'><strong>puerorum,</strong></span> <span class='ocrx_word' id='word_1_26' title='bbox 561 739 786 812; x_wconf 90' lang='lat' dir='ltr'><strong>honestarum</strong></span> <span class='ocrx_word' id='word_1_27' title='bbox 810 753 1062 819; x_wconf 82' lang='lat' dir='ltr'><strong>matronarum,</strong></span> 
     </span>
     <span class='ocr_line' id='line_1_6' title="bbox 72 837 1062 926; baseline -0.005 -13"><span class='ocrx_word' id='word_1_28' title='bbox 72 847 233 914; x_wconf 87' lang='lat' dir='ltr'><strong>virorum</strong></span> <span class='ocrx_word' id='word_1_29' title='bbox 246 837 494 924; x_wconf 91' lang='lat' dir='ltr'><strong>honestorum,</strong></span> <span class='ocrx_word' id='word_1_30' title='bbox 510 855 551 912; x_wconf 91' lang='lat' dir='ltr'><strong>ut</strong></span> <span class='ocrx_word' id='word_1_31' title='bbox 567 841 782 926; x_wconf 80' lang='lat' dir='ltr'><strong>Palamedis,</strong></span> <span class='ocrx_word' id='word_1_32' title='bbox 801 842 966 922; x_wconf 91' lang='lat' dir='ltr'><strong>Socratis,</strong></span> <span class='ocrx_word' id='word_1_33' title='bbox 986 841 1062 914; x_wconf 79' lang='lat' dir='ltr'><strong>sci-</strong></span> 
     </span>
     <span class='ocr_line' id='line_1_7' title="bbox 72 941 1062 1038; baseline -0.002 -24"><span class='ocrx_word' id='word_1_34' title='bbox 72 946 193 1038; x_wconf 90' lang='lat' dir='ltr'><strong>pionis</strong></span> <span class='ocrx_word' id='word_1_35' title='bbox 207 955 242 1014; x_wconf 87' lang='lat' dir='ltr'><strong>et</strong></span> <span class='ocrx_word' id='word_1_36' title='bbox 255 943 432 1014; x_wconf 80' lang='lat' dir='ltr'><strong>aliorum?</strong></span> <span class='ocrx_word' id='word_1_37' title='bbox 482 941 589 1014; x_wconf 93' lang='lat' dir='ltr'><strong>Mens</strong></span> <span class='ocrx_word' id='word_1_38' title='bbox 602 946 703 1014; x_wconf 83' lang='lat' dir='ltr'><strong>lateri</strong></span> <span class='ocrx_word' id='word_1_39' title='bbox 720 945 866 1033; x_wconf 88' lang='lat' dir='ltr'><strong>cogitur,</strong></span> <span class='ocrx_word' id='word_1_40' title='bbox 891 967 964 1012; x_wconf 90' lang='lat' dir='ltr'><strong>esse</strong></span> <span class='ocrx_word' id='word_1_41' title='bbox 979 967 1062 1033; x_wconf 92' lang='lat' dir='ltr'><strong>pro-</strong></span> 
     </span>
     <span class='ocr_line' id='line_1_8' title="bbox 72 1042 1063 1118; baseline -0.004 0"><span class='ocrx_word' id='word_1_42' title='bbox 72 1044 279 1118; x_wconf 84' lang='lat' dir='ltr'><strong>videntiam.</strong></span> <span class='ocrx_word' id='word_1_43' title='bbox 329 1042 379 1116; x_wconf 89' lang='lat' dir='ltr'><strong>Et</strong></span> <span class='ocrx_word' id='word_1_44' title='bbox 401 1059 518 1116; x_wconf 87' lang='lat' dir='ltr'><strong>tamen</strong></span> <span class='ocrx_word' id='word_1_45' title='bbox 534 1045 595 1115; x_wconf 89' lang='lat' dir='ltr'><strong>illa</strong></span> <span class='ocrx_word' id='word_1_46' title='bbox 617 1059 804 1116; x_wconf 80' lang='lat' dir='ltr'>eventuum</span> <span class='ocrx_word' id='word_1_47' title='bbox 826 1045 984 1116; x_wconf 83' lang='lat' dir='ltr'><strong>conlusio</strong></span> <span class='ocrx_word' id='word_1_48' title='bbox 1008 1068 1063 1114; x_wconf 87' lang='lat' dir='ltr'><strong>as-</strong></span> 
     </span>
     <span class='ocr_line' id='line_1_9' title="bbox 74 1145 1063 1240; baseline -0.006 -22"><span class='ocrx_word' id='word_1_49' title='bbox 74 1148 275 1218; x_wconf 79' lang='lat' dir='ltr'>sensionem</span> <span class='ocrx_word' id='word_1_50' title='bbox 297 1148 427 1221; x_wconf 89' lang='lat' dir='ltr'><strong>turbat.</strong></span> <span class='ocrx_word' id='word_1_51' title='bbox 477 1145 573 1216; x_wconf 91' lang='lat' dir='ltr'><strong>Haec</strong></span> <span class='ocrx_word' id='word_1_52' title='bbox 594 1148 787 1240; x_wconf 78' lang='lat' dir='ltr'><strong>pugnantia</strong></span> <span class='ocrx_word' id='word_1_53' title='bbox 810 1147 980 1238; x_wconf 90' lang='lat' dir='ltr'><strong>explicare</strong></span> <span class='ocrx_word' id='word_1_54' title='bbox 1000 1168 1063 1214; x_wconf 90' lang='lat' dir='ltr'><strong>nec</strong></span> 
     </span>
     <span class='ocr_line' id='line_1_10' title="bbox 72 1243 1063 1342; baseline -0.004 -22"><span class='ocrx_word' id='word_1_55' title='bbox 72 1247 353 1342; x_wconf 86' lang='lat' dir='ltr'><strong>Aegyptiorum,</strong></span> <span class='ocrx_word' id='word_1_56' title='bbox 378 1271 442 1318; x_wconf 90' lang='lat' dir='ltr'><strong>nec</strong></span> <span class='ocrx_word' id='word_1_57' title='bbox 461 1246 677 1318; x_wconf 92' lang='lat' dir='ltr'><strong>Graecorum</strong></span> <span class='ocrx_word' id='word_1_58' title='bbox 698 1243 919 1340; x_wconf 78' lang='lat' dir='ltr'><strong>philosophia</strong></span> <span class='ocrx_word' id='word_1_59' title='bbox 939 1259 1063 1338; x_wconf 89' lang='lat' dir='ltr'><strong>potest.</strong></span> 
     </span>
     <span class='ocr_line' id='line_1_11' title="bbox 74 1345 1064 1430; baseline -0.005 -10"><span class='ocrx_word' id='word_1_60' title='bbox 74 1351 198 1420; x_wconf 94' lang='lat' dir='ltr'><strong>Multo</strong></span> <span class='ocrx_word' id='word_1_61' title='bbox 212 1349 330 1418; x_wconf 89' lang='lat' dir='ltr'><strong>minus</strong></span> <span class='ocrx_word' id='word_1_62' title='bbox 346 1349 500 1418; x_wconf 88' lang='lat' dir='ltr'><strong>remedia</strong></span> <span class='ocrx_word' id='word_1_63' title='bbox 518 1353 641 1430; x_wconf 88' lang='lat' dir='ltr'><strong>cernit,</strong></span> <span class='ocrx_word' id='word_1_64' title='bbox 666 1351 727 1418; x_wconf 88' lang='lat' dir='ltr'><strong>sed</strong></span> <span class='ocrx_word' id='word_1_65' title='bbox 745 1352 829 1418; x_wconf 91' lang='lat' dir='ltr'><strong>deus</strong></span> <span class='ocrx_word' id='word_1_66' title='bbox 847 1345 971 1418; x_wconf 92' lang='lat' dir='ltr'><strong>harum</strong></span> <span class='ocrx_word' id='word_1_67' title='bbox 987 1371 1064 1416; x_wconf 88' lang='lat' dir='ltr'><strong>ma·</strong></span> 
     </span>
     <span class='ocr_line' id='line_1_12' title="bbox 73 1449 1064 1540; baseline -0.003 -19"><span class='ocrx_word' id='word_1_68' title='bbox 73 1453 252 1522; x_wconf 80' lang='lat' dir='ltr'><strong>rimarum</strong></span> <span class='ocrx_word' id='word_1_69' title='bbox 275 1473 394 1520; x_wconf 90' lang='lat' dir='ltr'><strong>rerum</strong></span> <span class='ocrx_word' id='word_1_70' title='bbox 416 1450 613 1520; x_wconf 91' lang='lat' dir='ltr'><strong>doctrinam</strong></span> <span class='ocrx_word' id='word_1_71' title='bbox 634 1475 718 1519; x_wconf 91' lang='lat' dir='ltr'><strong>voce</strong></span> <span class='ocrx_word' id='word_1_72' title='bbox 737 1452 802 1520; x_wconf 87' lang='lat' dir='ltr'><strong>lilii</strong></span> <span class='ocrx_word' id='word_1_73' title='bbox 821 1451 875 1519; x_wconf 88' lang='lat' dir='ltr'><strong>sni</strong></span> <span class='ocrx_word' id='word_1_74' title='bbox 891 1449 1064 1540; x_wconf 85' lang='lat' dir='ltr'><strong>patefecit,</strong></span> 
     </span>
     <span class='ocr_line' id='line_1_13' title="bbox 75 1545 1063 1644; baseline -0.004 -22"><span class='ocrx_word' id='word_1_75' title='bbox 75 1568 112 1624; x_wconf 92' lang='lat' dir='ltr'><strong>et</strong></span> <span class='ocrx_word' id='word_1_76' title='bbox 126 1577 191 1644; x_wconf 90' lang='lat' dir='ltr'><strong>per</strong></span> <span class='ocrx_word' id='word_1_77' title='bbox 206 1545 395 1642; x_wconf 92' lang='lat' dir='ltr'><strong>prophetas</strong></span> <span class='ocrx_word' id='word_1_78' title='bbox 416 1552 523 1620; x_wconf 82' lang='lat' dir='ltr'><strong>scribi</strong></span> <span class='ocrx_word' id='word_1_79' title='bbox 546 1576 626 1622; x_wconf 91' lang='lat' dir='ltr'><strong>enm</strong></span> <span class='ocrx_word' id='word_1_80' title='bbox 652 1551 782 1636; x_wconf 91' lang='lat' dir='ltr'><strong>voluit,</strong></span> <span class='ocrx_word' id='word_1_81' title='bbox 807 1564 841 1622; x_wconf 92' lang='lat' dir='ltr'><strong>et</strong></span> <span class='ocrx_word' id='word_1_82' title='bbox 859 1553 895 1619; x_wconf 93' lang='lat' dir='ltr'><strong>in</strong></span> <span class='ocrx_word' id='word_1_83' title='bbox 910 1547 1063 1620; x_wconf 76' lang='lat' dir='ltr'><strong>Ecclesia</strong></span> 
     </span>
     <span class='ocr_line' id='line_1_14' title="bbox 73 1647 1064 1744; baseline -0.005 -21"><span class='ocrx_word' id='word_1_84' title='bbox 73 1666 193 1724; x_wconf 89' lang='lat' dir='ltr'><strong>servat</strong></span> <span class='ocrx_word' id='word_1_85' title='bbox 219 1647 305 1722; x_wconf 90' lang='lat' dir='ltr'><strong>haec</strong></span> <span class='ocrx_word' id='word_1_86' title='bbox 328 1665 558 1723; x_wconf 88' lang='lat' dir='ltr'><strong>monumenta</strong></span> <span class='ocrx_word' id='word_1_87' title='bbox 586 1653 814 1724; x_wconf 75' lang='lat' dir='ltr'><strong>intentantes</strong></span> <span class='ocrx_word' id='word_1_88' title='bbox 836 1651 1064 1744; x_wconf 91' lang='lat' dir='ltr'><strong>imperiorum</strong></span> 
     </span>
     <span class='ocr_line' id='line_1_15' title="bbox 71 1750 1066 1844; baseline -0.006 -20"><span class='ocrx_word' id='word_1_89' title='bbox 71 1757 217 1838; x_wconf 88' lang='lat' dir='ltr'><strong>ruinas,</strong></span> <span class='ocrx_word' id='word_1_90' title='bbox 256 1753 400 1824; x_wconf 88' lang='lat' dir='ltr'><strong>urbium</strong></span> <span class='ocrx_word' id='word_1_91' title='bbox 433 1767 468 1824; x_wconf 92' lang='lat' dir='ltr'><strong>et</strong></span> <span class='ocrx_word' id='word_1_92' title='bbox 499 1755 655 1844; x_wconf 89' lang='lat' dir='ltr'><strong>gentium</strong></span> <span class='ocrx_word' id='word_1_93' title='bbox 684 1755 906 1827; x_wconf 86' lang='lat' dir='ltr'><strong>vastationes.</strong></span> <span class='ocrx_word' id='word_1_94' title='bbox 962 1750 1066 1822; x_wconf 85' lang='lat' dir='ltr'><strong>Misit</strong></span> 
     </span>
     <span class='ocr_line' id='line_1_16' title="bbox 71 1853 1065 1941; baseline -0.007 -15"><span class='ocrx_word' id='word_1_95' title='bbox 71 1857 183 1926; x_wconf 88' lang='lat' dir='ltr'><strong>etiam</strong></span> <span class='ocrx_word' id='word_1_96' title='bbox 210 1853 419 1929; x_wconf 90' lang='lat' dir='ltr'><strong>admirando</strong></span> <span class='ocrx_word' id='word_1_97' title='bbox 451 1856 600 1926; x_wconf 91' lang='lat' dir='ltr'><strong>consilio</strong></span> <span class='ocrx_word' id='word_1_98' title='bbox 628 1855 761 1941; x_wconf 87' lang='lat' dir='ltr'><strong>lilium,</strong></span> <span class='ocrx_word' id='word_1_99' title='bbox 790 1855 974 1926; x_wconf 91' lang='lat' dir='ltr'><strong>dominum</strong></span> <span class='ocrx_word' id='word_1_100' title='bbox 1001 1877 1065 1920; x_wconf 92' lang='lat' dir='ltr'><strong>no-</strong></span> 
     </span>
     <span class='ocr_line' id='line_1_17' title="bbox 72 1947 1083 2042; baseline -0.008 -14"><span class='ocrx_word' id='word_1_101' title='bbox 72 1969 190 2028; x_wconf 86' lang='lat' dir='ltr'><strong>strum</strong></span> <span class='ocrx_word' id='word_1_102' title='bbox 224 1953 339 2026; x_wconf 88' lang='lat' dir='ltr'><strong>lesum</strong></span> <span class='ocrx_word' id='word_1_103' title='bbox 370 1949 570 2041; x_wconf 87' lang='lat' dir='ltr'><strong>Christum,</strong></span> <span class='ocrx_word' id='word_1_104' title='bbox 607 1970 665 2042; x_wconf 91' lang='lat' dir='ltr'><strong>ut,</strong></span> <span class='ocrx_word' id='word_1_105' title='bbox 703 1957 815 2028; x_wconf 88' lang='lat' dir='ltr'><strong>causis</strong></span> <span class='ocrx_word' id='word_1_106' title='bbox 845 1947 1083 2024; x_wconf 85' lang='lat' dir='ltr'><strong>miseriarum</strong></span> 
     </span>
     <span class='ocr_line' id='line_1_18' title="bbox 73 2055 1067 2148; baseline -0.006 -20"><span class='ocrx_word' id='word_1_107' title='bbox 73 2055 239 2140; x_wconf 91' lang='lat' dir='ltr'><strong>abolitis,</strong></span> <span class='ocrx_word' id='word_1_108' title='bbox 273 2069 386 2126; x_wconf 89' lang='lat' dir='ltr'><strong>servet</strong></span> <span class='ocrx_word' id='word_1_109' title='bbox 408 2069 443 2126; x_wconf 88' lang='lat' dir='ltr'><strong>et</strong></span> <span class='ocrx_word' id='word_1_110' title='bbox 461 2059 621 2128; x_wconf 87' lang='lat' dir='ltr'><strong>restituat</strong></span> <span class='ocrx_word' id='word_1_111' title='bbox 643 2081 754 2148; x_wconf 89' lang='lat' dir='ltr'><strong>genus</strong></span> <span class='ocrx_word' id='word_1_112' title='bbox 778 2055 994 2140; x_wconf 91' lang='lat' dir='ltr'><strong>humanum,</strong></span> <span class='ocrx_word' id='word_1_113' title='bbox 1027 2065 1067 2123; x_wconf 95' lang='lat' dir='ltr'><strong>ut</strong></span> 
     </span>
     <span class='ocr_line' id='line_1_19' title="bbox 75 2153 1068 2249; baseline -0.005 -21"><span class='ocrx_word' id='word_1_114' title='bbox 75 2153 166 2228; x_wconf 87' lang='lat' dir='ltr'><strong>haec</strong></span> <span class='ocrx_word' id='word_1_115' title='bbox 183 2159 257 2249; x_wconf 89' lang='lat' dir='ltr'><strong>ipsa</strong></span> <span class='ocrx_word' id='word_1_116' title='bbox 274 2158 434 2227; x_wconf 89' lang='lat' dir='ltr'><strong>doctrina</strong></span> <span class='ocrx_word' id='word_1_117' title='bbox 456 2159 499 2226; x_wconf 93' lang='lat' dir='ltr'><strong>de</strong></span> <span class='ocrx_word' id='word_1_118' title='bbox 519 2159 591 2229; x_wconf 89' lang='lat' dir='ltr'><strong>filio</strong></span> <span class='ocrx_word' id='word_1_119' title='bbox 609 2173 643 2230; x_wconf 92' lang='lat' dir='ltr'><strong>et</strong></span> <span class='ocrx_word' id='word_1_120' title='bbox 661 2162 704 2228; x_wconf 89' lang='lat' dir='ltr'><strong>de</strong></span> <span class='ocrx_word' id='word_1_121' title='bbox 721 2159 940 2229; x_wconf 85' lang='lat' dir='ltr'><strong>restitutione</strong></span> <span class='ocrx_word' id='word_1_122' title='bbox 962 2179 1068 2246; x_wconf 89' lang='lat' dir='ltr'><strong>geue-</strong></span> 
     </span>
     <span class='ocr_line' id='line_1_20' title="bbox 74 2253 1068 2353; baseline -0.004 -25"><span class='ocrx_word' id='word_1_123' title='bbox 74 2259 129 2328; x_wconf 93' lang='lat' dir='ltr'><strong>ris</strong></span> <span class='ocrx_word' id='word_1_124' title='bbox 152 2253 299 2328; x_wconf 88' lang='lat' dir='ltr'><strong>humani</strong></span> <span class='ocrx_word' id='word_1_125' title='bbox 322 2259 603 2350; x_wconf 90' lang='lat' dir='ltr'><strong>splendidissime</strong></span> <span class='ocrx_word' id='word_1_126' title='bbox 625 2259 664 2329; x_wconf 90' lang='lat' dir='ltr'><strong>in</strong></span> <span class='ocrx_word' id='word_1_127' title='bbox 689 2256 869 2353; x_wconf 90' lang='lat' dir='ltr'><strong>prophetis</strong></span> <span class='ocrx_word' id='word_1_128' title='bbox 891 2259 1068 2340; x_wconf 79' lang='lat' dir='ltr'><strong>recitatur,</strong></span> 
     </span>
     <span class='ocr_line' id='line_1_21' title="bbox 74 2355 1068 2448; baseline -0.004 -18"><span class='ocrx_word' id='word_1_129' title='bbox 74 2375 119 2430; x_wconf 90' lang='lat' dir='ltr'><strong>ut</strong></span> <span class='ocrx_word' id='word_1_130' title='bbox 153 2359 191 2426; x_wconf 93' lang='lat' dir='ltr'><strong>in</strong></span> <span class='ocrx_word' id='word_1_131' title='bbox 225 2355 340 2428; x_wconf 90' lang='lat' dir='ltr'><strong>Hosea</strong></span> <span class='ocrx_word' id='word_1_132' title='bbox 372 2361 518 2430; x_wconf 89' lang='lat' dir='ltr'><strong>dicitur:</strong></span> <span class='ocrx_word' id='word_1_133' title='bbox 557 2355 593 2430; x_wconf 94' lang='grc' dir='ltr'><strong>Ο</strong></span> <span class='ocrx_word' id='word_1_134' title='bbox 626 2385 741 2448; x_wconf 93' lang='lat' dir='ltr'><strong>mors,</strong></span> <span class='ocrx_word' id='word_1_135' title='bbox 774 2386 834 2432; x_wconf 92' lang='lat' dir='ltr'><strong>ero</strong></span> <span class='ocrx_word' id='word_1_136' title='bbox 867 2384 963 2430; x_wconf 88' lang='lat' dir='ltr'><strong>mors</strong></span> <span class='ocrx_word' id='word_1_137' title='bbox 996 2369 1068 2430; x_wconf 88' lang='lat' dir='ltr'><strong>tua.</strong></span> 
     </span>
     <span class='ocr_line' id='line_1_22' title="bbox 74 2457 586 2552; baseline 0.006 -20"><span class='ocrx_word' id='word_1_138' title='bbox 74 2457 115 2532; x_wconf 91' lang='grc' dir='ltr'>Ο</span> <span class='ocrx_word' id='word_1_139' title='bbox 130 2461 287 2545; x_wconf 87' lang='lat' dir='ltr'><strong>inferne,</strong></span> <span class='ocrx_word' id='word_1_140' title='bbox 311 2473 371 2530; x_wconf 88' lang='lat' dir='ltr'><strong>&#39;ero</strong></span> <span class='ocrx_word' id='word_1_141' title='bbox 393 2461 498 2552; x_wconf 90' lang='lat' dir='ltr'><strong>pestis</strong></span> <span class='ocrx_word' id='word_1_142' title='bbox 514 2475 586 2536; x_wconf 90' lang='lat' dir='ltr'><strong>tua.</strong></span> 
     </span>
    </p>
   </div>
   <div class='ocr_carea' id='block_1_3' title="bbox 75 2595 1074 4510">
    <p class='ocr_par' dir='ltr' id='par_1_3' title="bbox 75 2595 1074 4510">
     <span class='ocr_line' id='line_1_23' title="bbox 183 2595 1069 2688; baseline -0.005 -22"><span class='ocrx_word' id='word_1_143' title='bbox 183 2597 340 2687; x_wconf 89' lang='lat' dir='ltr'><strong>Quartus</strong></span> <span class='ocrx_word' id='word_1_144' title='bbox 372 2599 501 2686; x_wconf 92' lang='lat' dir='ltr'><strong>gradus</strong></span> <span class='ocrx_word' id='word_1_145' title='bbox 531 2599 811 2670; x_wconf 86' lang='lat' dir='ltr'><strong>testimoniorum</strong></span> <span class='ocrx_word' id='word_1_146' title='bbox 844 2611 895 2668; x_wconf 91' lang='lat' dir='ltr'><strong>est</strong></span> <span class='ocrx_word' id='word_1_147' title='bbox 926 2595 1069 2688; x_wconf 86' lang='lat' dir='ltr'><strong>spiritus</strong></span> 
     </span>
     <span class='ocr_line' id='line_1_24' title="bbox 75 2697 1070 2792; baseline -0.006 -22"><span class='ocrx_word' id='word_1_148' title='bbox 75 2713 221 2770; x_wconf 81' lang='lat' dir='ltr'><strong>sanctus</strong></span> <span class='ocrx_word' id='word_1_149' title='bbox 242 2697 280 2766; x_wconf 91' lang='lat' dir='ltr'><strong>in</strong></span> <span class='ocrx_word' id='word_1_150' title='bbox 296 2699 462 2770; x_wconf 80' lang='lat' dir='ltr'><strong>cordibus</strong></span> <span class='ocrx_word' id='word_1_151' title='bbox 478 2721 621 2784; x_wconf 90' lang='lat' dir='ltr'><strong>eorum,</strong></span> <span class='ocrx_word' id='word_1_152' title='bbox 645 2701 839 2792; x_wconf 88' lang='lat' dir='ltr'><strong>quiveram</strong></span> <span class='ocrx_word' id='word_1_153' title='bbox 858 2697 1070 2768; x_wconf 91' lang='lat' dir='ltr'><strong>consolatio-</strong></span> 
     </span>
     <span class='ocr_line' id='line_1_25' title="bbox 75 2797 1068 2901; baseline -0.006 -31"><span class='ocrx_word' id='word_1_154' title='bbox 75 2825 162 2870; x_wconf 88' lang='lat' dir='ltr'><strong>nem</strong></span> <span class='ocrx_word' id='word_1_155' title='bbox 180 2799 421 2890; x_wconf 88' lang='lat' dir='ltr'><strong>experiuutuc,</strong></span> <span class='ocrx_word' id='word_1_156' title='bbox 447 2801 490 2870; x_wconf 90' lang='lat' dir='ltr'><strong>de</strong></span> <span class='ocrx_word' id='word_1_157' title='bbox 505 2825 573 2892; x_wconf 92' lang='lat' dir='ltr'><strong>qua</strong></span> <span class='ocrx_word' id='word_1_158' title='bbox 591 2799 722 2870; x_wconf 91' lang='lat' dir='ltr'><strong>Paulus</strong></span> <span class='ocrx_word' id='word_1_159' title='bbox 738 2801 871 2894; x_wconf 82' lang='lat' dir='ltr'><strong>inquit,</strong></span> <span class='ocrx_word' id='word_1_160' title='bbox 896 2797 1002 2901; x_wconf 77' lang='lat' dir='ltr'><strong>Rom.</strong></span> <span class='ocrx_word' id='word_1_161' title='bbox 1017 2797 1068 2869; x_wconf 85' lang='lat'><strong>8.:</strong></span> 
     </span>
     <span class='ocr_line' id='line_1_26' title="bbox 77 2899 1069 2993; baseline -0.006 -19"><span class='ocrx_word' id='word_1_162' title='bbox 77 2900 275 2991; x_wconf 87' lang='lat' dir='ltr'><strong>Accepistis</strong></span> <span class='ocrx_word' id='word_1_163' title='bbox 297 2901 460 2991; x_wconf 93' lang='lat' dir='ltr'><strong>spiritum</strong></span> <span class='ocrx_word' id='word_1_164' title='bbox 484 2903 685 2992; x_wconf 88' lang='lat' dir='ltr'><strong>adoptionis</strong></span> <span class='ocrx_word' id='word_1_165' title='bbox 705 2903 879 2985; x_wconf 88' lang='lat' dir='ltr'><strong>liliorum,</strong></span> <span class='ocrx_word' id='word_1_166' title='bbox 904 2925 974 2993; x_wconf 91' lang='lat' dir='ltr'><strong>quo</strong></span> <span class='ocrx_word' id='word_1_167' title='bbox 997 2899 1069 2968; x_wconf 91' lang='lat' dir='ltr'><strong>cla·</strong></span> 
     </span>
     <span class='ocr_line' id='line_1_27' title="bbox 76 3001 1068 3094; baseline -0.006 -22"><span class='ocrx_word' id='word_1_168' title='bbox 76 3025 219 3072; x_wconf 89' lang='lat' dir='ltr'><strong>mamus</strong></span> <span class='ocrx_word' id='word_1_169' title='bbox 234 3002 323 3070; x_wconf 92' lang='lat' dir='ltr'><strong>abba</strong></span> <span class='ocrx_word' id='word_1_170' title='bbox 340 3016 450 3092; x_wconf 89' lang='lat' dir='ltr'><strong>pater.</strong></span> <span class='ocrx_word' id='word_1_171' title='bbox 501 3001 570 3070; x_wconf 91' lang='lat' dir='ltr'><strong>Hic</strong></span> <span class='ocrx_word' id='word_1_172' title='bbox 585 3004 730 3094; x_wconf 90' lang='lat' dir='ltr'><strong>spiritus</strong></span> <span class='ocrx_word' id='word_1_173' title='bbox 750 3006 809 3072; x_wconf 91' lang='lat' dir='ltr'><strong>dat</strong></span> <span class='ocrx_word' id='word_1_174' title='bbox 828 3001 1068 3070; x_wconf 91' lang='lat' dir='ltr'><strong>testimonium</strong></span> 
     </span>
     <span class='ocr_line' id='line_1_28' title="bbox 79 3100 1071 3196; baseline -0.004 -24"><span class='ocrx_word' id='word_1_175' title='bbox 79 3103 224 3196; x_wconf 86' lang='lat' dir='ltr'><strong>spiritui</strong></span> <span class='ocrx_word' id='word_1_176' title='bbox 240 3116 372 3187; x_wconf 91' lang='lat' dir='ltr'><strong>nostro,</strong></span> <span class='ocrx_word' id='word_1_177' title='bbox 397 3105 493 3194; x_wconf 89' lang='lat' dir='ltr'><strong>quod</strong></span> <span class='ocrx_word' id='word_1_178' title='bbox 510 3103 618 3172; x_wconf 91' lang='lat' dir='ltr'><strong>simus</strong></span> <span class='ocrx_word' id='word_1_179' title='bbox 631 3104 695 3172; x_wconf 82' lang='lat' dir='ltr'><strong>filii</strong></span> <span class='ocrx_word' id='word_1_180' title='bbox 712 3105 780 3178; x_wconf 89' lang='lat' dir='ltr'><strong>dei.</strong></span> <span class='ocrx_word' id='word_1_181' title='bbox 819 3101 916 3172; x_wconf 89' lang='lat' dir='ltr'><strong>Haec</strong></span> <span class='ocrx_word' id='word_1_182' title='bbox 931 3102 978 3172; x_wconf 87' lang='lat' dir='ltr'><strong>ita</strong></span> <span class='ocrx_word' id='word_1_183' title='bbox 994 3100 1071 3170; x_wconf 89' lang='lat' dir='ltr'><strong>lieri</strong></span> 
     </span>
     <span class='ocr_line' id='line_1_29' title="bbox 78 3201 1071 3292; baseline -0.005 -17"><span class='ocrx_word' id='word_1_184' title='bbox 78 3205 254 3275; x_wconf 90' lang='lat' dir='ltr'><strong>sentimus</strong></span> <span class='ocrx_word' id='word_1_185' title='bbox 270 3205 308 3272; x_wconf 92' lang='lat' dir='ltr'><strong>in</strong></span> <span class='ocrx_word' id='word_1_186' title='bbox 325 3205 417 3272; x_wconf 91' lang='lat' dir='ltr'><strong>veris</strong></span> <span class='ocrx_word' id='word_1_187' title='bbox 433 3205 626 3289; x_wconf 88' lang='lat' dir='ltr'><strong>doloribus,</strong></span> <span class='ocrx_word' id='word_1_188' title='bbox 649 3205 768 3275; x_wconf 89' lang='lat' dir='ltr'><strong>andita</strong></span> <span class='ocrx_word' id='word_1_189' title='bbox 785 3229 868 3274; x_wconf 90' lang='lat' dir='ltr'><strong>voce</strong></span> <span class='ocrx_word' id='word_1_190' title='bbox 876 3201 1071 3292; x_wconf 89' lang='lat' dir='ltr'><strong>Evangelii,</strong></span> 
     </span>
     <span class='ocr_line' id='line_1_30' title="bbox 76 3304 1070 3376; baseline -0.004 0"><span class='ocrx_word' id='word_1_191' title='bbox 76 3307 177 3376; x_wconf 86' lang='lat' dir='ltr'><strong>iilius</strong></span> <span class='ocrx_word' id='word_1_192' title='bbox 209 3304 266 3373; x_wconf 91' lang='lat' dir='ltr'><strong>dei</strong></span> <span class='ocrx_word' id='word_1_193' title='bbox 296 3306 476 3376; x_wconf 89' lang='lat' dir='ltr'><strong>mentibus</strong></span> <span class='ocrx_word' id='word_1_194' title='bbox 508 3309 640 3376; x_wconf 90' lang='lat' dir='ltr'><strong>nostris</strong></span> <span class='ocrx_word' id='word_1_195' title='bbox 670 3307 824 3376; x_wconf 84' lang='lat' dir='ltr'><strong>ostendit</strong></span> <span class='ocrx_word' id='word_1_196' title='bbox 854 3307 1070 3376; x_wconf 90' lang='lat' dir='ltr'><strong>voluntatem</strong></span> 
     </span>
     <span class='ocr_line' id='line_1_31' title="bbox 76 3406 1072 3504; baseline -0.003 -27"><span class='ocrx_word' id='word_1_197' title='bbox 76 3406 215 3477; x_wconf 81' lang='lat' dir='ltr'><strong>aeterni</strong></span> <span class='ocrx_word' id='word_1_198' title='bbox 231 3406 340 3504; x_wconf 86' lang='lat' dir='ltr'><strong>patris</strong></span> <span class='ocrx_word' id='word_1_199' title='bbox 358 3429 398 3474; x_wconf 89' lang='lat' dir='ltr'><strong>ac</strong></span> <span class='ocrx_word' id='word_1_200' title='bbox 421 3407 506 3476; x_wconf 87' lang='lat' dir='ltr'><strong>dicit</strong></span> <span class='ocrx_word' id='word_1_201' title='bbox 522 3407 819 3492; x_wconf 88' lang='lat' dir='ltr'><strong>consolationem,</strong></span> <span class='ocrx_word' id='word_1_202' title='bbox 844 3432 949 3500; x_wconf 88' lang='lat' dir='ltr'><strong>quam</strong></span> <span class='ocrx_word' id='word_1_203' title='bbox 970 3418 1072 3476; x_wconf 89' lang='lat' dir='ltr'><strong>sonat</strong></span> 
     </span>
     <span class='ocr_line' id='line_1_32' title="bbox 76 3504 1072 3595; baseline -0.004 -17"><span class='ocrx_word' id='word_1_204' title='bbox 76 3532 152 3580; x_wconf 81' lang='lat' dir='ltr'><strong>vox</strong></span> <span class='ocrx_word' id='word_1_205' title='bbox 165 3504 368 3595; x_wconf 83' lang='lat' dir='ltr'><strong>Evangelii,</strong></span> <span class='ocrx_word' id='word_1_206' title='bbox 394 3522 429 3578; x_wconf 92' lang='lat' dir='ltr'><strong>et</strong></span> <span class='ocrx_word' id='word_1_207' title='bbox 448 3509 685 3580; x_wconf 87' lang='lat' dir='ltr'><strong>assensionem</strong></span> <span class='ocrx_word' id='word_1_208' title='bbox 706 3509 945 3578; x_wconf 83' lang='lat' dir='ltr'><strong>confirmatae</strong></span> <span class='ocrx_word' id='word_1_209' title='bbox 965 3507 1072 3586; x_wconf 86' lang='lat' dir='ltr'><strong>simul</strong></span> 
     </span>
     <span class='ocr_line' id='line_1_33' title="bbox 78 3608 1072 3702; baseline -0.004 -22"><span class='ocrx_word' id='word_1_210' title='bbox 78 3608 236 3680; x_wconf 83' lang='lat' dir='ltr'><strong>effundit</strong></span> <span class='ocrx_word' id='word_1_211' title='bbox 252 3608 291 3676; x_wconf 94' lang='lat' dir='ltr'><strong>in</strong></span> <span class='ocrx_word' id='word_1_212' title='bbox 306 3611 411 3678; x_wconf 87' lang='lat' dir='ltr'><strong>corda</strong></span> <span class='ocrx_word' id='word_1_213' title='bbox 430 3610 593 3700; x_wconf 91' lang='lat' dir='ltr'><strong>spiritum</strong></span> <span class='ocrx_word' id='word_1_214' title='bbox 610 3624 786 3695; x_wconf 89' lang='lat' dir='ltr'><strong>sanctum,</strong></span> <span class='ocrx_word' id='word_1_215' title='bbox 812 3635 881 3702; x_wconf 91' lang='lat' dir='ltr'><strong>quo</strong></span> <span class='ocrx_word' id='word_1_216' title='bbox 902 3609 1072 3679; x_wconf 91' lang='lat' dir='ltr'><strong>sentimus</strong></span> 
     </span>
     <span class='ocr_line' id='line_1_34' title="bbox 76 3710 1070 3804; baseline -0.002 -24"><span class='ocrx_word' id='word_1_217' title='bbox 76 3710 271 3792; x_wconf 88' lang='lat' dir='ltr'><strong>laetitiam,</strong></span> <span class='ocrx_word' id='word_1_218' title='bbox 295 3735 363 3804; x_wconf 87' lang='lat' dir='ltr'><strong>qua</strong></span> <span class='ocrx_word' id='word_1_219' title='bbox 379 3713 486 3780; x_wconf 89' lang='lat' dir='ltr'><strong>corda</strong></span> <span class='ocrx_word' id='word_1_220' title='bbox 501 3711 726 3804; x_wconf 87' lang='lat' dir='ltr'><strong>acquiescunt</strong></span> <span class='ocrx_word' id='word_1_221' title='bbox 748 3712 786 3778; x_wconf 91' lang='lat' dir='ltr'><strong>in</strong></span> <span class='ocrx_word' id='word_1_222' title='bbox 803 3714 887 3796; x_wconf 90' lang='lat' dir='ltr'><strong>deo,</strong></span> <span class='ocrx_word' id='word_1_223' title='bbox 907 3735 983 3780; x_wconf 91' lang='lat' dir='ltr'><strong>non</strong></span> <span class='ocrx_word' id='word_1_224' title='bbox 1002 3710 1070 3778; x_wconf 88' lang='lat' dir='ltr'><strong>iam</strong></span> 
     </span>
     <span class='ocr_line' id='line_1_35' title="bbox 77 3811 1072 3902; baseline -0.003 -21"><span class='ocrx_word' id='word_1_225' title='bbox 77 3811 225 3901; x_wconf 83' lang='lat' dir='ltr'><strong>fugiunt</strong></span> <span class='ocrx_word' id='word_1_226' title='bbox 245 3812 369 3896; x_wconf 91' lang='lat' dir='ltr'><strong>deum,</strong></span> <span class='ocrx_word' id='word_1_227' title='bbox 393 3813 454 3879; x_wconf 90' lang='lat' dir='ltr'><strong>sed</strong></span> <span class='ocrx_word' id='word_1_228' title='bbox 475 3815 665 3892; x_wconf 89' lang='lat' dir='ltr'><strong>accedunt,</strong></span> <span class='ocrx_word' id='word_1_229' title='bbox 691 3814 874 3896; x_wconf 87' lang='lat' dir='ltr'><strong>invocant,</strong></span> <span class='ocrx_word' id='word_1_230' title='bbox 899 3823 1022 3902; x_wconf 91' lang='lat' dir='ltr'><strong>petunt</strong></span> <span class='ocrx_word' id='word_1_231' title='bbox 1040 3823 1072 3878; x_wconf 92' lang='lat' dir='ltr'><strong>et</strong></span> 
     </span>
     <span class='ocr_line' id='line_1_36' title="bbox 78 3907 1073 4003; baseline -0.004 -20"><span class='ocrx_word' id='word_1_232' title='bbox 78 3923 283 4003; x_wconf 82' lang='lat' dir='ltr'><strong>exspectant</strong></span> <span class='ocrx_word' id='word_1_233' title='bbox 305 3913 350 3980; x_wconf 93' lang='lat' dir='ltr'><strong>ab</strong></span> <span class='ocrx_word' id='word_1_234' title='bbox 368 3937 408 3980; x_wconf 93' lang='lat' dir='ltr'><strong>eo</strong></span> <span class='ocrx_word' id='word_1_235' title='bbox 432 3913 622 3998; x_wconf 90' lang='lat' dir='ltr'><strong>auxilium,</strong></span> <span class='ocrx_word' id='word_1_236' title='bbox 647 3927 680 3981; x_wconf 91' lang='lat' dir='ltr'><strong>et</strong></span> <span class='ocrx_word' id='word_1_237' title='bbox 703 3907 835 3984; x_wconf 91' lang='lat' dir='ltr'><strong>habent</strong></span> <span class='ocrx_word' id='word_1_238' title='bbox 857 3913 957 3982; x_wconf 93' lang='lat' dir='ltr'><strong>initia</strong></span> <span class='ocrx_word' id='word_1_239' title='bbox 981 3913 1073 3980; x_wconf 90' lang='lat' dir='ltr'><strong>vitae</strong></span> 
     </span>
     <span class='ocr_line' id='line_1_37' title="bbox 77 4009 1072 4106; baseline -0.004 -22"><span class='ocrx_word' id='word_1_240' title='bbox 77 4027 255 4084; x_wconf 86' lang='lat' dir='ltr'><strong>aeternae.</strong></span> <span class='ocrx_word' id='word_1_241' title='bbox 305 4009 402 4082; x_wconf 87' lang='lat' dir='ltr'><strong>Haec</strong></span> <span class='ocrx_word' id='word_1_242' title='bbox 418 4013 480 4082; x_wconf 86' lang='lat' dir='ltr'><strong>lux</strong></span> <span class='ocrx_word' id='word_1_243' title='bbox 494 4015 532 4082; x_wconf 93' lang='lat' dir='ltr'><strong>in</strong></span> <span class='ocrx_word' id='word_1_244' title='bbox 548 4037 611 4084; x_wconf 92' lang='lat' dir='ltr'><strong>sua</strong></span> <span class='ocrx_word' id='word_1_245' title='bbox 627 4015 796 4106; x_wconf 89' lang='lat' dir='ltr'><strong>cuiusque</strong></span> <span class='ocrx_word' id='word_1_246' title='bbox 812 4028 926 4084; x_wconf 91' lang='lat' dir='ltr'><strong>mente</strong></span> <span class='ocrx_word' id='word_1_247' title='bbox 948 4025 982 4082; x_wconf 92' lang='lat' dir='ltr'><strong>et</strong></span> <span class='ocrx_word' id='word_1_248' title='bbox 999 4014 1072 4082; x_wconf 90' lang='lat' dir='ltr'><strong>lae-</strong></span> 
     </span>
     <span class='ocr_line' id='line_1_38' title="bbox 80 4111 1074 4206; baseline -0.005 -20"><span class='ocrx_word' id='word_1_249' title='bbox 80 4116 161 4186; x_wconf 88' lang='lat' dir='ltr'><strong>titia</strong></span> <span class='ocrx_word' id='word_1_250' title='bbox 183 4113 222 4182; x_wconf 89' lang='lat' dir='ltr'><strong>in</strong></span> <span class='ocrx_word' id='word_1_251' title='bbox 238 4117 342 4184; x_wconf 89' lang='lat' dir='ltr'><strong>corde</strong></span> <span class='ocrx_word' id='word_1_252' title='bbox 357 4117 587 4206; x_wconf 87' lang='lat' dir='ltr'><strong>praesentiam</strong></span> <span class='ocrx_word' id='word_1_253' title='bbox 603 4116 660 4186; x_wconf 93' lang='lat' dir='ltr'><strong>dei</strong></span> <span class='ocrx_word' id='word_1_254' title='bbox 680 4119 882 4186; x_wconf 89' lang='lat' dir='ltr'><strong>ostendunt.</strong></span> <span class='ocrx_word' id='word_1_255' title='bbox 934 4111 1074 4184; x_wconf 85' lang='lat' dir='ltr'><strong>Confir-</strong></span> 
     </span>
     <span class='ocr_line' id='line_1_39' title="bbox 79 4215 1073 4304; baseline 0 -20"><span class='ocrx_word' id='word_1_256' title='bbox 79 4229 202 4285; x_wconf 89' lang='lat' dir='ltr'><strong>matur</strong></span> <span class='ocrx_word' id='word_1_257' title='bbox 221 4239 303 4304; x_wconf 88' lang='lat' dir='ltr'><strong>ergo</strong></span> <span class='ocrx_word' id='word_1_258' title='bbox 321 4215 474 4285; x_wconf 88' lang='lat' dir='ltr'><strong>assensio</strong></span> <span class='ocrx_word' id='word_1_259' title='bbox 497 4231 530 4286; x_wconf 92' lang='lat' dir='ltr'><strong>et</strong></span> <span class='ocrx_word' id='word_1_260' title='bbox 547 4241 626 4285; x_wconf 85' lang='lat' dir='ltr'><strong>vere</strong></span> <span class='ocrx_word' id='word_1_261' title='bbox 647 4230 698 4286; x_wconf 90' lang='lat' dir='ltr'><strong>est</strong></span> <span class='ocrx_word' id='word_1_262' title='bbox 715 4217 800 4286; x_wconf 87' lang='lat' dir='ltr'><strong>fides</strong></span> <span class='ocrx_word' id='word_1_263' title='bbox 823 4217 861 4284; x_wconf 91' lang='lat' dir='ltr'><strong>in</strong></span> <span class='ocrx_word' id='word_1_264' title='bbox 886 4215 1073 4298; x_wconf 90' lang='lat' dir='ltr'><strong>mentibus,</strong></span> 
     </span>
     <span class='ocr_line' id='line_1_40' title="bbox 79 4313 1073 4416; baseline 0.001 -29"><span class='ocrx_word' id='word_1_265' title='bbox 79 4329 125 4387; x_wconf 90' lang='lat' dir='ltr'><strong>nt</strong></span> <span class='ocrx_word' id='word_1_266' title='bbox 146 4317 308 4386; x_wconf 90' lang='lat' dir='ltr'><strong>nominat</strong></span> <span class='ocrx_word' id='word_1_267' title='bbox 330 4317 477 4410; x_wconf 88' lang='lat' dir='ltr'><strong>epistola</strong></span> <span class='ocrx_word' id='word_1_268' title='bbox 498 4319 542 4388; x_wconf 90' lang='lat' dir='ltr'><strong>ad</strong></span> <span class='ocrx_word' id='word_1_269' title='bbox 556 4314 731 4404; x_wconf 90' lang='lat' dir='ltr'><strong>Ebraeos,</strong></span> <span class='ocrx_word' id='word_1_270' title='bbox 757 4315 900 4416; x_wconf 66' lang='grc' dir='ltr'><strong>ἐλεγχος</strong></span> <span class='ocrx_word' id='word_1_271' title='bbox 923 4313 1073 4410; x_wconf 71' lang='lat' dir='ltr'><strong>naifita-</strong></span> 
     </span>
     <span class='ocr_line' id='line_1_41' title="bbox 79 4431 346 4510; baseline -0.004 -20"><span class='ocrx_word' id='word_1_272' title='bbox 79 4441 269 4510; x_wconf 77' lang='grc' dir='ltr'><em>πομενων.</em></span> <span class='ocrx_word' id='word_1_273' title='bbox 340 4431 346 4441; x_wconf 79' lang='grc'><strong>’</strong></span> 
     </span>
    </p>
   </div>
   <div class='ocr_carea' id='block_1_4' title="bbox 79 4548 1075 5042">
    <p class='ocr_par' dir='ltr' id='par_1_4' title="bbox 79 4548 1075 5042">
     <span class='ocr_line' id='line_1_42' title="bbox 188 4548 1075 4641; baseline 0.002 -23"><span class='ocrx_word' id='word_1_274' title='bbox 188 4548 345 4638; x_wconf 88' lang='lat' dir='ltr'><strong>Quintus</strong></span> <span class='ocrx_word' id='word_1_275' title='bbox 360 4553 489 4638; x_wconf 90' lang='lat' dir='ltr'><strong>gradus</strong></span> <span class='ocrx_word' id='word_1_276' title='bbox 504 4551 667 4640; x_wconf 89' lang='lat' dir='ltr'><strong>congruit</strong></span> <span class='ocrx_word' id='word_1_277' title='bbox 683 4575 761 4621; x_wconf 90' lang='lat' dir='ltr'><strong>cnm</strong></span> <span class='ocrx_word' id='word_1_278' title='bbox 777 4551 950 4641; x_wconf 90' lang='lat' dir='ltr'><strong>proximo,</strong></span> <span class='ocrx_word' id='word_1_279' title='bbox 977 4551 1075 4620; x_wconf 85' lang='lat' dir='ltr'><strong>vide·</strong></span> 
     </span>
     <span class='ocr_line' id='line_1_43' title="bbox 80 4651 1075 4745; baseline -0.001 -24"><span class='ocrx_word' id='word_1_280' title='bbox 80 4651 167 4722; x_wconf 91' lang='lat' dir='ltr'><strong>licet</strong></span> <span class='ocrx_word' id='word_1_281' title='bbox 183 4652 221 4718; x_wconf 91' lang='lat' dir='ltr'><strong>in</strong></span> <span class='ocrx_word' id='word_1_282' title='bbox 236 4652 416 4742; x_wconf 90' lang='lat' dir='ltr'><strong>suppliciis</strong></span> <span class='ocrx_word' id='word_1_283' title='bbox 439 4653 570 4722; x_wconf 89' lang='lat' dir='ltr'><strong>laetitia</strong></span> <span class='ocrx_word' id='word_1_284' title='bbox 586 4677 727 4736; x_wconf 90' lang='lat' dir='ltr'><strong>eorum,</strong></span> <span class='ocrx_word' id='word_1_285' title='bbox 751 4653 812 4745; x_wconf 87' lang='lat' dir='ltr'><strong>qui</strong></span> <span class='ocrx_word' id='word_1_286' title='bbox 828 4665 970 4743; x_wconf 90' lang='lat' dir='ltr'><strong>propter</strong></span> <span class='ocrx_word' id='word_1_287' title='bbox 989 4675 1075 4722; x_wconf 90' lang='lat' dir='ltr'><strong>con-</strong></span> 
     </span>
     <span class='ocr_line' id='line_1_44' title="bbox 81 4751 1074 4842; baseline -0.004 -18"><span class='ocrx_word' id='word_1_288' title='bbox 81 4753 273 4824; x_wconf 80' lang='lat' dir='ltr'><strong>fessionem</strong></span> <span class='ocrx_word' id='word_1_289' title='bbox 307 4754 522 4823; x_wconf 87' lang='lat' dir='ltr'><strong>cruciantur.</strong></span> <span class='ocrx_word' id='word_1_290' title='bbox 597 4751 694 4822; x_wconf 88' lang='lat' dir='ltr'><strong>Haec</strong></span> <span class='ocrx_word' id='word_1_291' title='bbox 726 4753 932 4842; x_wconf 78' lang='lat' dir='ltr'><strong>magnitudo</strong></span> <span class='ocrx_word' id='word_1_292' title='bbox 964 4753 1074 4822; x_wconf 90' lang='lat' dir='ltr'><strong>animi</strong></span> 
     </span>
     <span class='ocr_line' id='line_1_45' title="bbox 79 4853 1074 4946; baseline -0.002 -22"><span class='ocrx_word' id='word_1_293' title='bbox 79 4854 211 4924; x_wconf 76' lang='lat' dir='ltr'><strong>victrix</strong></span> <span class='ocrx_word' id='word_1_294' title='bbox 226 4855 349 4923; x_wconf 91' lang='lat' dir='ltr'><strong>mortis</strong></span> <span class='ocrx_word' id='word_1_295' title='bbox 365 4854 510 4924; x_wconf 85' lang='lat' dir='ltr'><strong>existere</strong></span> <span class='ocrx_word' id='word_1_296' title='bbox 525 4877 600 4923; x_wconf 90' lang='lat' dir='ltr'><strong>non</strong></span> <span class='ocrx_word' id='word_1_297' title='bbox 617 4867 738 4944; x_wconf 90' lang='lat' dir='ltr'><strong>potest,</strong></span> <span class='ocrx_word' id='word_1_298' title='bbox 751 4854 825 4938; x_wconf 75' lang='lat' dir='ltr'><strong>¹uisi</strong></span> <span class='ocrx_word' id='word_1_299' title='bbox 843 4853 940 4946; x_wconf 91' lang='lat' dir='ltr'><strong>prius</strong></span> <span class='ocrx_word' id='word_1_300' title='bbox 955 4877 1074 4923; x_wconf 89' lang='lat' dir='ltr'><strong>assen-</strong></span> 
     </span>
     <span class='ocr_line' id='line_1_46' title="bbox 81 4955 1035 5042; baseline 0.004 -17"><span class='ocrx_word' id='word_1_301' title='bbox 81 4955 136 5026; x_wconf 89' lang='lat' dir='ltr'><strong>sio</strong></span> <span class='ocrx_word' id='word_1_302' title='bbox 153 4955 330 5042; x_wconf 86' lang='lat' dir='ltr'><strong>firmasit,</strong></span> <span class='ocrx_word' id='word_1_303' title='bbox 352 4971 392 5026; x_wconf 93' lang='lat' dir='ltr'><strong>nt</strong></span> <span class='ocrx_word' id='word_1_304' title='bbox 408 4955 548 5026; x_wconf 87' lang='lat' dir='ltr'><strong>luceant</strong></span> <span class='ocrx_word' id='word_1_305' title='bbox 564 4955 604 5022; x_wconf 91' lang='lat' dir='ltr'><strong>in</strong></span> <span class='ocrx_word' id='word_1_306' title='bbox 621 4967 736 5025; x_wconf 91' lang='lat' dir='ltr'><strong>mente</strong></span> <span class='ocrx_word' id='word_1_307' title='bbox 753 4955 949 5025; x_wconf 90' lang='lat' dir='ltr'><strong>testimonia</strong></span> <span class='ocrx_word' id='word_1_308' title='bbox 966 4955 1035 5028; x_wconf 88' lang='lat' dir='ltr'><strong>dei.</strong></span> 
     </span>
    </p>
   </div>
   <div class='ocr_carea' id='block_1_5' title="bbox 65 5085 1074 5488">
    <p class='ocr_par' dir='ltr' id='par_1_5' title="bbox 65 5085 1074 5488">
     <span class='ocr_line' id='line_1_47' title="bbox 188 5085 1074 5182; baseline 0 -24"><span class='ocrx_word' id='word_1_309' title='bbox 188 5087 315 5158; x_wconf 86' lang='lat' dir='ltr'><strong>Sextus</strong></span> <span class='ocrx_word' id='word_1_310' title='bbox 338 5090 482 5178; x_wconf 88' lang='lat' dir='ltr'><strong>gradus,</strong></span> <span class='ocrx_word' id='word_1_311' title='bbox 513 5089 731 5160; x_wconf 86' lang='lat' dir='ltr'><strong>conservatio</strong></span> <span class='ocrx_word' id='word_1_312' title='bbox 759 5103 924 5182; x_wconf 90' lang='lat' dir='ltr'><strong>perpetua</strong></span> <span class='ocrx_word' id='word_1_313' title='bbox 950 5085 1074 5160; x_wconf 90' lang='lat' dir='ltr'><strong>Eccle-</strong></span> 
     </span>
     <span class='ocr_line' id='line_1_48' title="bbox 65 5189 1073 5281; baseline -0.002 -21"><span class='ocrx_word' id='word_1_314' title='bbox 65 5189 156 5260; x_wconf 78' lang='lat' dir='ltr'><strong>&#39;siae</strong></span> <span class='ocrx_word' id='word_1_315' title='bbox 174 5189 267 5260; x_wconf 88' lang='lat' dir='ltr'><strong>inter</strong></span> <span class='ocrx_word' id='word_1_316' title='bbox 282 5203 393 5261; x_wconf 91' lang='lat' dir='ltr'><strong>tantas</strong></span> <span class='ocrx_word' id='word_1_317' title='bbox 409 5191 531 5262; x_wconf 89' lang='lat' dir='ltr'><strong>ruinas</strong></span> <span class='ocrx_word' id='word_1_318' title='bbox 553 5191 784 5281; x_wconf 89' lang='lat' dir='ltr'><strong>imperiorum</strong></span> <span class='ocrx_word' id='word_1_319' title='bbox 805 5203 838 5260; x_wconf 84' lang='lat' dir='ltr'><strong>et</strong></span> <span class='ocrx_word' id='word_1_320' title='bbox 852 5191 1073 5274; x_wconf 85' lang='lat' dir='ltr'><strong>vastationes,</strong></span> 
     </span>
     <span class='ocr_line' id='line_1_49' title="bbox 81 5285 1071 5383; baseline -0.002 -23"><span class='ocrx_word' id='word_1_321' title='bbox 81 5305 124 5363; x_wconf 90' lang='lat' dir='ltr'><strong>nt</strong></span> <span class='ocrx_word' id='word_1_322' title='bbox 139 5285 265 5361; x_wconf 87' lang='lat' dir='ltr'><strong>Nohae</strong></span> <span class='ocrx_word' id='word_1_323' title='bbox 285 5293 480 5362; x_wconf 88' lang='lat' dir='ltr'><strong>doctrinam</strong></span> <span class='ocrx_word' id='word_1_324' title='bbox 499 5305 534 5362; x_wconf 88' lang='lat' dir='ltr'><strong>et</strong></span> <span class='ocrx_word' id='word_1_325' title='bbox 551 5293 667 5362; x_wconf 88' lang='lat' dir='ltr'><strong>cultus</strong></span> <span class='ocrx_word' id='word_1_326' title='bbox 692 5293 828 5383; x_wconf 89' lang='lat' dir='ltr'><strong>placere</strong></span> <span class='ocrx_word' id='word_1_327' title='bbox 850 5293 916 5360; x_wconf 90' lang='lat' dir='ltr'><strong>deo</strong></span> <span class='ocrx_word' id='word_1_328' title='bbox 938 5304 1071 5360; x_wconf 90' lang='lat' dir='ltr'><strong>certum</strong></span> 
     </span>
     <span class='ocr_line' id='line_1_50' title="bbox 81 5393 1072 5488; baseline 0 -27"><span class='ocrx_word' id='word_1_329' title='bbox 81 5406 152 5479; x_wconf 87' lang='lat' dir='ltr'><strong>est,</strong></span> <span class='ocrx_word' id='word_1_330' title='bbox 179 5393 261 5486; x_wconf 92' lang='lat' dir='ltr'><strong>quia</strong></span> <span class='ocrx_word' id='word_1_331' title='bbox 277 5407 409 5467; x_wconf 86' lang='lat' dir='ltr'><strong>ceterae</strong></span> <span class='ocrx_word' id='word_1_332' title='bbox 424 5395 613 5488; x_wconf 89' lang='lat' dir='ltr'><strong>opiniones</strong></span> <span class='ocrx_word' id='word_1_333' title='bbox 625 5407 657 5465; x_wconf 90' lang='lat' dir='ltr'><strong>et</strong></span> <span class='ocrx_word' id='word_1_334' title='bbox 674 5406 786 5466; x_wconf 86' lang='lat' dir='ltr'><strong>sectae</strong></span> <span class='ocrx_word' id='word_1_335' title='bbox 800 5415 923 5466; x_wconf 88' lang='lat' dir='ltr'><strong>omnes</strong></span> <span class='ocrx_word' id='word_1_336' title='bbox 940 5393 1072 5464; x_wconf 89' lang='lat' dir='ltr'><strong>deletae</strong></span> 
     </span>
    </p>
   </div>
   <div class='ocr_carea' id='block_1_6' title="bbox 1127 243 2108 336">
    <p class='ocr_par' dir='ltr' id='par_1_6' title="bbox 1127 243 2108 336">
     <span class='ocr_line' id='line_1_51' title="bbox 1127 243 2108 336; baseline -0.016 0"><span class='ocrx_word' id='word_1_337' title='bbox 1127 259 1237 336; x_wconf 74' lang='lat' dir='ltr'><strong>utu</strong></span> <span class='ocrx_word' id='word_1_338' title='bbox 1258 255 1341 333; x_wconf 75' lang='lat' dir='ltr'><strong>xta</strong></span> <span class='ocrx_word' id='word_1_339' title='bbox 1395 253 1544 330; x_wconf 59' lang='lat' dir='ltr'><strong>idn-²</strong></span> <span class='ocrx_word' id='word_1_340' title='bbox 2010 243 2108 320; x_wconf 79' lang='lat' dir='ltr'><strong>tots</strong></span> 
     </span>
    </p>
   </div>
   <div class='ocr_carea' id='block_1_7' title="bbox 1113 411 2107 1616">
    <p class='ocr_par' dir='ltr' id='par_1_7' title="bbox 1113 411 2107 1616">
     <span class='ocr_line' id='line_1_52' title="bbox 1113 411 2107 518; baseline -0.02 -14"><span class='ocrx_word' id='word_1_341' title='bbox 1113 445 1212 518; x_wconf 88' lang='lat' dir='ltr'><strong>sunt,</strong></span> <span class='ocrx_word' id='word_1_342' title='bbox 1243 433 1318 502; x_wconf 89' lang='lat' dir='ltr'><strong>sola</strong></span> <span class='ocrx_word' id='word_1_343' title='bbox 1341 423 1465 500; x_wconf 88' lang='lat' dir='ltr'><strong>Nohae</strong></span> <span class='ocrx_word' id='word_1_344' title='bbox 1491 423 1783 496; x_wconf 86' lang='lat' dir='ltr'><strong>familia&#39;servata</strong></span> <span class='ocrx_word' id='word_1_345' title='bbox 1803 429 1873 502; x_wconf 88' lang='lat' dir='ltr'><strong>eat,</strong></span> <span class='ocrx_word' id='word_1_346' title='bbox 1905 411 2107 506; x_wconf 87' lang='lat' dir='ltr'><strong>etquidem</strong></span> 
     </span>
     <span class='ocr_line' id='line_1_53' title="bbox 1114 508 2106 621; baseline -0.021 -18"><span class='ocrx_word' id='word_1_347' title='bbox 1114 535 1296 603; x_wconf 81' lang='lat' dir='ltr'><strong>manifesta</strong></span> <span class='ocrx_word' id='word_1_348' title='bbox 1315 533 1372 600; x_wconf 91' lang='lat' dir='ltr'><strong>dei</strong></span> <span class='ocrx_word' id='word_1_349' title='bbox 1394 554 1472 621; x_wconf 86' lang='lat' dir='ltr'><strong>ope.</strong></span> <span class='ocrx_word' id='word_1_350' title='bbox 1518 525 1598 598; x_wconf 87' lang='lat' dir='ltr'><strong>Etsi</strong></span> <span class='ocrx_word' id='word_1_351' title='bbox 1618 537 1734 595; x_wconf 90' lang='lat' dir='ltr'><strong>autem</strong></span> <span class='ocrx_word' id='word_1_352' title='bbox 1752 517 1901 592; x_wconf 87' lang='lat' dir='ltr'><strong>etmulti</strong></span> <span class='ocrx_word' id='word_1_353' title='bbox 1922 537 2059 607; x_wconf 87' lang='lat' dir='ltr'><strong>semper</strong></span> <span class='ocrx_word' id='word_1_354' title='bbox 2075 508 2106 606; x_wconf 66' lang='grc' dir='ltr'><strong>ο)</strong></span> 
     </span>
     <span class='ocr_line' id='line_1_54' title="bbox 1115 615 2105 714; baseline -0.021 -10"><span class='ocrx_word' id='word_1_355' title='bbox 1115 635 1261 706; x_wconf 88' lang='lat' dir='ltr'><strong>admixti</strong></span> <span class='ocrx_word' id='word_1_356' title='bbox 1276 637 1418 704; x_wconf 86' lang='lat' dir='ltr'><strong>luemnt</strong></span> <span class='ocrx_word' id='word_1_357' title='bbox 1431 629 1624 712; x_wconf 84' lang='lat' dir='ltr'><strong>Ecclesiae,</strong></span> <span class='ocrx_word' id='word_1_358' title='bbox 1651 623 1820 714; x_wconf 79' lang='lat' dir='ltr'><strong>contagiis</strong></span> <span class='ocrx_word' id='word_1_359' title='bbox 1836 621 2008 700; x_wconf 84' lang='lat' dir='ltr'><strong>malarum</strong></span> <span class='ocrx_word' id='word_1_360' title='bbox 2027 615 2105 706; x_wconf 90' lang='lat' dir='ltr'><strong>opi-</strong></span> 
     </span>
     <span class='ocr_line' id='line_1_55' title="bbox 1115 717 2105 816; baseline -0.023 -11"><span class='ocrx_word' id='word_1_361' title='bbox 1115 738 1262 806; x_wconf 93' lang='lat' dir='ltr'><strong>nionum</strong></span> <span class='ocrx_word' id='word_1_362' title='bbox 1281 735 1419 813; x_wconf 88' lang='lat' dir='ltr'><strong>inlecti,</strong></span> <span class='ocrx_word' id='word_1_363' title='bbox 1445 745 1484 802; x_wconf 88' lang='lat' dir='ltr'><strong>ut</strong></span> <span class='ocrx_word' id='word_1_364' title='bbox 1499 723 1687 816; x_wconf 84' lang='lat' dir='ltr'><strong>Zachariae</strong></span> <span class='ocrx_word' id='word_1_365' title='bbox 1709 740 1742 796; x_wconf 92' lang='lat' dir='ltr'><strong>et</strong></span> <span class='ocrx_word' id='word_1_366' title='bbox 1756 722 1931 795; x_wconf 89' lang='lat' dir='ltr'><strong>Simeonis</strong></span> <span class='ocrx_word' id='word_1_367' title='bbox 1952 717 2105 808; x_wconf 83' lang='lat' dir='ltr'><strong>collegae</strong></span> 
     </span>
     <span class='ocr_line' id='line_1_56' title="bbox 1115 815 2106 914; baseline -0.023 -8"><span class='ocrx_word' id='word_1_368' title='bbox 1115 851 1216 907; x_wconf 89' lang='lat' dir='ltr'><strong>erant</strong></span> <span class='ocrx_word' id='word_1_369' title='bbox 1228 829 1408 908; x_wconf 89' lang='lat' dir='ltr'><strong>Pharisaei</strong></span> <span class='ocrx_word' id='word_1_370' title='bbox 1425 847 1459 904; x_wconf 92' lang='lat' dir='ltr'><strong>et</strong></span> <span class='ocrx_word' id='word_1_371' title='bbox 1473 829 1654 914; x_wconf 90' lang='lat' dir='ltr'><strong>Saducaei,</strong></span> <span class='ocrx_word' id='word_1_372' title='bbox 1668 842 1787 898; x_wconf 92' lang='lat' dir='ltr'><strong>tamen</strong></span> <span class='ocrx_word' id='word_1_373' title='bbox 1800 837 1841 894; x_wconf 92' lang='lat' dir='ltr'><strong>ut</strong></span> <span class='ocrx_word' id='word_1_374' title='bbox 1856 817 2007 913; x_wconf 90' lang='lat' dir='ltr'><strong>scopulis</strong></span> <span class='ocrx_word' id='word_1_375' title='bbox 2023 815 2106 886; x_wconf 91' lang='lat' dir='ltr'><strong>alli-</strong></span> 
     </span>
     <span class='ocr_line' id='line_1_57' title="bbox 1115 915 2105 1028; baseline -0.024 -19"><span class='ocrx_word' id='word_1_376' title='bbox 1115 963 1173 1008; x_wconf 87' lang='lat' dir='ltr'><strong>sae</strong></span> <span class='ocrx_word' id='word_1_377' title='bbox 1191 962 1335 1028; x_wconf 90' lang='lat' dir='ltr'><strong>spumae</strong></span> <span class='ocrx_word' id='word_1_378' title='bbox 1356 958 1477 1005; x_wconf 90' lang='lat' dir='ltr'><strong>rursus</strong></span> <span class='ocrx_word' id='word_1_379' title='bbox 1499 931 1678 1016; x_wconf 87' lang='lat' dir='ltr'><strong>defluunt,</strong></span> <span class='ocrx_word' id='word_1_380' title='bbox 1703 952 1782 998; x_wconf 91' lang='lat' dir='ltr'><strong>cum</strong></span> <span class='ocrx_word' id='word_1_381' title='bbox 1806 925 1948 1018; x_wconf 91' lang='lat' dir='ltr'><strong>quidem</strong></span> <span class='ocrx_word' id='word_1_382' title='bbox 1967 915 2105 1012; x_wconf 90' lang='lat' dir='ltr'><strong>scopuli</strong></span> 
     </span>
     <span class='ocr_line' id='line_1_58' title="bbox 1115 1021 2105 1122; baseline -0.023 -12"><span class='ocrx_word' id='word_1_383' title='bbox 1115 1053 1208 1110; x_wconf 91' lang='lat' dir='ltr'><strong>stent</strong></span> <span class='ocrx_word' id='word_1_384' title='bbox 1229 1038 1388 1122; x_wconf 87' lang='lat' dir='ltr'><strong>immoti,</strong></span> <span class='ocrx_word' id='word_1_385' title='bbox 1414 1037 1462 1106; x_wconf 90' lang='lat' dir='ltr'><strong>ita</strong></span> <span class='ocrx_word' id='word_1_386' title='bbox 1479 1033 1564 1106; x_wconf 90' lang='lat' dir='ltr'><strong>vicit</strong></span> <span class='ocrx_word' id='word_1_387' title='bbox 1585 1044 1618 1100; x_wconf 91' lang='lat' dir='ltr'><strong>et</strong></span> <span class='ocrx_word' id='word_1_388' title='bbox 1639 1029 1768 1100; x_wconf 91' lang='lat' dir='ltr'><strong>mansit</strong></span> <span class='ocrx_word' id='word_1_389' title='bbox 1789 1029 1917 1096; x_wconf 87' lang='lat' dir='ltr'><strong>veritas</strong></span> <span class='ocrx_word' id='word_1_390' title='bbox 1941 1021 1979 1090; x_wconf 92' lang='lat' dir='ltr'><strong>in</strong></span> <span class='ocrx_word' id='word_1_391' title='bbox 2002 1031 2105 1090; x_wconf 88' lang='lat' dir='ltr'><strong>coctu</strong></span> 
     </span>
     <span class='ocr_line' id='line_1_59' title="bbox 1115 1121 2106 1230; baseline -0.022 -18"><span class='ocrx_word' id='word_1_392' title='bbox 1115 1141 1375 1230; x_wconf 90' lang='lat' dir='ltr'><strong>apostolorum,</strong></span> <span class='ocrx_word' id='word_1_393' title='bbox 1407 1151 1524 1230; x_wconf 89' lang='lat' dir='ltr'><strong>postea</strong></span> <span class='ocrx_word' id='word_1_394' title='bbox 1542 1133 1703 1204; x_wconf 75' lang='lat' dir='ltr'><strong>funditus</strong></span> <span class='ocrx_word' id='word_1_395' title='bbox 1719 1129 1841 1199; x_wconf 90' lang='lat' dir='ltr'><strong>deletis</strong></span> <span class='ocrx_word' id='word_1_396' title='bbox 1857 1121 2054 1196; x_wconf 88' lang='lat' dir='ltr'><strong>Pharisaeis</strong></span> <span class='ocrx_word' id='word_1_397' title='bbox 2071 1133 2106 1190; x_wconf 86' lang='lat' dir='ltr'><strong>et</strong></span> 
     </span>
     <span class='ocr_line' id='line_1_60' title="bbox 1116 1219 2104 1326; baseline -0.027 -12"><span class='ocrx_word' id='word_1_398' title='bbox 1116 1242 1316 1314; x_wconf 87' lang='lat' dir='ltr'><strong>Seducaeis.</strong></span> <span class='ocrx_word' id='word_1_399' title='bbox 1368 1237 1418 1308; x_wconf 88' lang='lat' dir='ltr'><strong>lta</strong></span> <span class='ocrx_word' id='word_1_400' title='bbox 1441 1231 1696 1326; x_wconf 88' lang='lat' dir='ltr'><strong>deinceps-etsi</strong></span> <span class='ocrx_word' id='word_1_401' title='bbox 1727 1227 1942 1320; x_wconf 87' lang='lat' dir='ltr'><strong>corruptelas</strong></span> <span class='ocrx_word' id='word_1_402' title='bbox 1969 1219 2104 1292; x_wconf 89' lang='lat' dir='ltr'><strong>diaboli</strong></span> 
     </span>
     <span class='ocr_line' id='line_1_61' title="bbox 1115 1321 2106 1442; baseline -0.025 -28"><span class='ocrx_word' id='word_1_403' title='bbox 1115 1357 1304 1436; x_wconf 89' lang='lat' dir='ltr'><strong>spargunt,</strong></span> <span class='ocrx_word' id='word_1_404' title='bbox 1328 1354 1447 1410; x_wconf 91' lang='lat' dir='ltr'><strong>tamen</strong></span> <span class='ocrx_word' id='word_1_405' title='bbox 1462 1335 1652 1424; x_wconf 86' lang='lat' dir='ltr'><strong>exstinguit</strong></span> <span class='ocrx_word' id='word_1_406' title='bbox 1666 1354 1723 1402; x_wconf 89' lang='lat' dir='ltr'><strong>eas</strong></span> <span class='ocrx_word' id='word_1_407' title='bbox 1739 1331 1866 1400; x_wconf 91' lang='lat' dir='ltr'><strong>veritas</strong></span> <span class='ocrx_word' id='word_1_408' title='bbox 1881 1339 2003 1398; x_wconf 83' lang='lat' dir='ltr'><strong>rursus</strong></span> <span class='ocrx_word' id='word_1_409' title='bbox 2020 1321 2106 1442; x_wconf 63' lang='lat' dir='ltr'><strong>illu-0</strong></span> 
     </span>
     <span class='ocr_line' id='line_1_62' title="bbox 1117 1423 2107 1535; baseline -0.026 -19"><span class='ocrx_word' id='word_1_410' title='bbox 1117 1469 1272 1528; x_wconf 91' lang='lat' dir='ltr'><strong>cescens,</strong></span> <span class='ocrx_word' id='word_1_411' title='bbox 1298 1465 1387 1535; x_wconf 91' lang='lat' dir='ltr'><strong>quae</strong></span> <span class='ocrx_word' id='word_1_412' title='bbox 1407 1441 1550 1533; x_wconf 89' lang='lat' dir='ltr'><strong>quidem</strong></span> <span class='ocrx_word' id='word_1_413' title='bbox 1571 1437 1618 1506; x_wconf 90' lang='lat' dir='ltr'><strong>ita</strong></span> <span class='ocrx_word' id='word_1_414' title='bbox 1637 1433 1800 1524; x_wconf 90' lang='lat' dir='ltr'><strong>emergit,</strong></span> <span class='ocrx_word' id='word_1_415' title='bbox 1824 1443 1865 1502; x_wconf 89' lang='lat' dir='ltr'><strong>ut</strong></span> <span class='ocrx_word' id='word_1_416' title='bbox 1879 1437 2023 1498; x_wconf 90' lang='lat' dir='ltr'><strong>eventus</strong></span> <span class='ocrx_word' id='word_1_417' title='bbox 2038 1423 2107 1516; x_wconf 82' lang='lat' dir='ltr'><strong>ipsc</strong></span> 
     </span>
     <span class='ocr_line' id='line_1_63' title="bbox 1118 1542 1581 1616; baseline -0.006 -2"><span class='ocrx_word' id='word_1_418' title='bbox 1118 1546 1287 1616; x_wconf 87' lang='lat' dir='ltr'><strong>iudicium</strong></span> <span class='ocrx_word' id='word_1_419' title='bbox 1305 1543 1362 1614; x_wconf 89' lang='lat' dir='ltr'><strong>dei</strong></span> <span class='ocrx_word' id='word_1_420' title='bbox 1383 1542 1581 1611; x_wconf 85' lang='lat' dir='ltr'><strong>ostendant.</strong></span> 
     </span>
    </p>
   </div>
   <div class='ocr_carea' id='block_1_8' title="bbox 1118 1657 2219 4841">
    <p class='ocr_par' dir='ltr' id='par_1_8' title="bbox 1118 1657 2198 2889">
     <span class='ocr_line' id='line_1_64' title="bbox 1220 1657 2108 1766; baseline -0.03 -16"><span class='ocrx_word' id='word_1_421' title='bbox 1220 1677 1275 1750; x_wconf 86' lang='lat' dir='ltr'><strong>Ad</strong></span> <span class='ocrx_word' id='word_1_422' title='bbox 1293 1674 1389 1748; x_wconf 78' lang='lat' dir='ltr'><strong>hamc</strong></span> <span class='ocrx_word' id='word_1_423' title='bbox 1404 1675 1551 1766; x_wconf 88' lang='lat' dir='ltr'><strong>gradum</strong></span> <span class='ocrx_word' id='word_1_424' title='bbox 1576 1685 1610 1741; x_wconf 88' lang='lat' dir='ltr'><strong>et</strong></span> <span class='ocrx_word' id='word_1_425' title='bbox 1630 1668 1799 1762; x_wconf 89' lang='lat' dir='ltr'><strong>septimus</strong></span> <span class='ocrx_word' id='word_1_426' title='bbox 1814 1658 2037 1749; x_wconf 88' lang='lat' dir='ltr'><strong>adiungitur,</strong></span> <span class='ocrx_word' id='word_1_427' title='bbox 2064 1657 2108 1724; x_wconf 89' lang='lat' dir='ltr'><strong>de</strong></span> 
     </span>
     <span class='ocr_line' id='line_1_65' title="bbox 1119 1756 2109 1874; baseline -0.029 -21"><span class='ocrx_word' id='word_1_428' title='bbox 1119 1805 1248 1874; x_wconf 90' lang='lat' dir='ltr'><strong>poenas</strong></span> <span class='ocrx_word' id='word_1_429' title='bbox 1267 1775 1423 1850; x_wconf 92' lang='lat' dir='ltr'><strong>hostium</strong></span> <span class='ocrx_word' id='word_1_430' title='bbox 1441 1771 1637 1863; x_wconf 89' lang='lat' dir='ltr'><strong>Evangelii.</strong></span> <span class='ocrx_word' id='word_1_431' title='bbox 1687 1767 1764 1839; x_wconf 87' lang='lat' dir='ltr'><strong>Etsi</strong></span> <span class='ocrx_word' id='word_1_432' title='bbox 1791 1780 1892 1846; x_wconf 91' lang='lat' dir='ltr'><strong>tunc,</strong></span> <span class='ocrx_word' id='word_1_433' title='bbox 1917 1785 1996 1838; x_wconf 86' lang='lat' dir='ltr'><strong>cum</strong></span> <span class='ocrx_word' id='word_1_434' title='bbox 2014 1756 2109 1826; x_wconf 87' lang='lat' dir='ltr'><strong>filius</strong></span> 
     </span>
     <span class='ocr_line' id='line_1_66' title="bbox 1118 1853 2110 1987; baseline -0.029 -32"><span class='ocrx_word' id='word_1_435' title='bbox 1118 1885 1177 1954; x_wconf 93' lang='lat' dir='ltr'><strong>dei</strong></span> <span class='ocrx_word' id='word_1_436' title='bbox 1206 1885 1321 1976; x_wconf 92' lang='lat' dir='ltr'><strong>palam</strong></span> <span class='ocrx_word' id='word_1_437' title='bbox 1351 1901 1473 1949; x_wconf 75' lang='lat' dir='ltr'><strong>caereus</strong></span> <span class='ocrx_word' id='word_1_438' title='bbox 1502 1899 1538 1946; x_wconf 88' lang='lat' dir='ltr'><strong>se</strong></span> <span class='ocrx_word' id='word_1_439' title='bbox 1563 1870 1682 1962; x_wconf 89' lang='lat' dir='ltr'><strong>generi</strong></span> <span class='ocrx_word' id='word_1_440' title='bbox 1713 1863 1870 1938; x_wconf 90' lang='lat' dir='ltr'><strong>humano</strong></span> <span class='ocrx_word' id='word_1_441' title='bbox 1896 1860 2058 1932; x_wconf 85' lang='lat' dir='ltr'><strong>ostendet</strong></span> <span class='ocrx_word' id='word_1_442' title='bbox 2069 1853 2110 1987; x_wconf 53' lang='grc'><strong>’2,</strong></span> 
     </span>
     <span class='ocr_line' id='line_1_67' title="bbox 1119 1953 2110 2070; baseline -0.028 -17"><span class='ocrx_word' id='word_1_443' title='bbox 1119 2009 1221 2054; x_wconf 87' lang='lat' dir='ltr'><strong>verae</strong></span> <span class='ocrx_word' id='word_1_444' title='bbox 1237 1999 1271 2054; x_wconf 92' lang='lat' dir='ltr'><strong>ct</strong></span> <span class='ocrx_word' id='word_1_445' title='bbox 1284 1983 1489 2050; x_wconf 83' lang='lat' dir='ltr'><strong>manifestae</strong></span> <span class='ocrx_word' id='word_1_446' title='bbox 1505 1997 1639 2070; x_wconf 91' lang='lat' dir='ltr'><strong>poenae</strong></span> <span class='ocrx_word' id='word_1_447' title='bbox 1655 1971 1814 2042; x_wconf 92' lang='lat' dir='ltr'><strong>omnium</strong></span> <span class='ocrx_word' id='word_1_448' title='bbox 1833 1963 2063 2056; x_wconf 89' lang='lat' dir='ltr'><strong>imperiorum</strong></span> <span class='ocrx_word' id='word_1_449' title='bbox 2093 1953 2110 2050; x_wconf 90' lang='lat'>)</span> 
     </span>
     <span class='ocr_line' id='line_1_68' title="bbox 1120 2067 2110 2176; baseline -0.028 -20"><span class='ocrx_word' id='word_1_450' title='bbox 1120 2086 1398 2176; x_wconf 86' lang='lat' dir='ltr'><strong>conspicientur,</strong></span> <span class='ocrx_word' id='word_1_451' title='bbox 1423 2095 1538 2150; x_wconf 89' lang='lat' dir='ltr'><strong>tamen</strong></span> <span class='ocrx_word' id='word_1_452' title='bbox 1560 2089 1593 2146; x_wconf 91' lang='lat' dir='ltr'><strong>et</strong></span> <span class='ocrx_word' id='word_1_453' title='bbox 1615 2075 1653 2142; x_wconf 92' lang='lat' dir='ltr'><strong>in</strong></span> <span class='ocrx_word' id='word_1_454' title='bbox 1678 2067 1742 2140; x_wconf 89' lang='lat' dir='ltr'><strong>hac</strong></span> <span class='ocrx_word' id='word_1_455' title='bbox 1766 2071 1836 2138; x_wconf 90' lang='lat' dir='ltr'><strong>vita</strong></span> <span class='ocrx_word' id='word_1_456' title='bbox 1858 2072 2110 2156; x_wconf 87' lang='lat' dir='ltr'><strong>proponuntur</strong></span> 
     </span>
     <span class='ocr_line' id='line_1_69' title="bbox 1120 2168 2163 2276; baseline -0.027 -23"><span class='ocrx_word' id='word_1_457' title='bbox 1120 2187 1286 2276; x_wconf 82' lang='lat' dir='ltr'><strong>exempla.</strong></span> <span class='ocrx_word' id='word_1_458' title='bbox 1339 2183 1435 2255; x_wconf 88' lang='lat' dir='ltr'><strong>Sinit</strong></span> <span class='ocrx_word' id='word_1_459' title='bbox 1450 2183 1535 2249; x_wconf 82' lang='lat' dir='ltr'><strong>deus</strong></span> <span class='ocrx_word' id='word_1_460' title='bbox 1549 2172 1768 2268; x_wconf 88' lang='lat' dir='ltr'><strong>aliquamdiu</strong></span> <span class='ocrx_word' id='word_1_461' title='bbox 1780 2168 1912 2238; x_wconf 88' lang='lat' dir='ltr'><strong>saevire</strong></span> <span class='ocrx_word' id='word_1_462' title='bbox 1928 2179 2110 2258; x_wconf 86' lang='lat' dir='ltr'><strong>tyrannos,</strong></span> <span class='ocrx_word' id='word_1_463' title='bbox 2150 2225 2163 2236; x_wconf 77' lang='grc'>,</span> 
     </span>
     <span class='ocr_line' id='line_1_70' title="bbox 1120 2261 2111 2377; baseline -0.029 -19"><span class='ocrx_word' id='word_1_464' title='bbox 1120 2289 1288 2358; x_wconf 81' lang='lat' dir='ltr'><strong>fanaticos</strong></span> <span class='ocrx_word' id='word_1_465' title='bbox 1307 2289 1466 2356; x_wconf 86' lang='lat' dir='ltr'><strong>doctores</strong></span> <span class='ocrx_word' id='word_1_466' title='bbox 1482 2296 1651 2350; x_wconf 87' lang='lat' dir='ltr'><strong>eteorum</strong></span> <span class='ocrx_word' id='word_1_467' title='bbox 1668 2273 1833 2342; x_wconf 90' lang='lat' dir='ltr'><strong>satellites</strong></span> <span class='ocrx_word' id='word_1_468' title='bbox 1851 2268 1890 2336; x_wconf 93' lang='lat' dir='ltr'><strong>in</strong></span> <span class='ocrx_word' id='word_1_469' title='bbox 1906 2261 2111 2377; x_wconf 76' lang='lat' dir='ltr'><strong>Ecclesiam,</strong></span> 
     </span>
     <span class='ocr_line' id='line_1_71' title="bbox 1121 2370 2112 2460; baseline -0.03 -3"><span class='ocrx_word' id='word_1_470' title='bbox 1121 2416 1160 2460; x_wconf 91' lang='lat' dir='ltr'><strong>ac</strong></span> <span class='ocrx_word' id='word_1_471' title='bbox 1185 2391 1316 2458; x_wconf 87' lang='lat' dir='ltr'><strong>interca</strong></span> <span class='ocrx_word' id='word_1_472' title='bbox 1340 2383 1510 2455; x_wconf 85' lang='lat' dir='ltr'><strong>confessio</strong></span> <span class='ocrx_word' id='word_1_473' title='bbox 1532 2377 1726 2448; x_wconf 87' lang='lat' dir='ltr'><strong>multorum</strong></span> <span class='ocrx_word' id='word_1_474' title='bbox 1751 2387 1787 2443; x_wconf 92' lang='lat' dir='ltr'><strong>et</strong></span> <span class='ocrx_word' id='word_1_475' title='bbox 1808 2370 1876 2438; x_wconf 90' lang='lat' dir='ltr'><strong>alia</strong></span> <span class='ocrx_word' id='word_1_476' title='bbox 1897 2370 1995 2456; x_wconf 90' lang='lat' dir='ltr'><strong>signa</strong></span> <span class='ocrx_word' id='word_1_477' title='bbox 2013 2375 2112 2436; x_wconf 85' lang='lat' dir='ltr'><strong>testr-</strong></span> 
     </span>
     <span class='ocr_line' id='line_1_72' title="bbox 1121 2463 2198 2574; baseline -0.029 -16"><span class='ocrx_word' id='word_1_478' title='bbox 1121 2491 1283 2559; x_wconf 85' lang='lat' dir='ltr'><strong>ficantur</strong></span> <span class='ocrx_word' id='word_1_479' title='bbox 1303 2491 1346 2558; x_wconf 93' lang='lat' dir='ltr'><strong>de</strong></span> <span class='ocrx_word' id='word_1_480' title='bbox 1371 2483 1576 2574; x_wconf 86' lang='lat' dir='ltr'><strong>Evangelio.</strong></span> <span class='ocrx_word' id='word_1_481' title='bbox 1637 2475 1759 2546; x_wconf 87' lang='lat' dir='ltr'><strong>Postea</strong></span> <span class='ocrx_word' id='word_1_482' title='bbox 1794 2495 1876 2540; x_wconf 88' lang='lat' dir='ltr'><strong>vero</strong></span> <span class='ocrx_word' id='word_1_483' title='bbox 1912 2463 2112 2540; x_wconf 87' lang='lat' dir='ltr'><strong>illustribus</strong></span> <span class='ocrx_word' id='word_1_484' title='bbox 2190 2496 2198 2510; x_wconf 85' lang='lat'><em>.</em></span> 
     </span>
     <span class='ocr_line' id='line_1_73' title="bbox 1121 2567 2112 2682; baseline -0.027 -21"><span class='ocrx_word' id='word_1_485' title='bbox 1121 2590 1287 2682; x_wconf 89' lang='lat' dir='ltr'><strong>exemplis</strong></span> <span class='ocrx_word' id='word_1_486' title='bbox 1308 2589 1507 2680; x_wconf 92' lang='lat' dir='ltr'><strong>puniuntur</strong></span> <span class='ocrx_word' id='word_1_487' title='bbox 1524 2585 1659 2652; x_wconf 79' lang='lat' dir='ltr'><strong>sartores</strong></span> <span class='ocrx_word' id='word_1_488' title='bbox 1676 2574 1905 2670; x_wconf 87' lang='lat' dir='ltr'><strong>imperiorum</strong></span> <span class='ocrx_word' id='word_1_489' title='bbox 1921 2567 1970 2664; x_wconf 69' lang='lat'><strong>⁹),</strong></span> <span class='ocrx_word' id='word_1_490' title='bbox 1998 2580 2038 2638; x_wconf 90' lang='lat' dir='ltr'><strong>ut</strong></span> <span class='ocrx_word' id='word_1_491' title='bbox 2049 2567 2112 2634; x_wconf 87' lang='lat' dir='ltr'><strong>de·</strong></span> 
     </span>
     <span class='ocr_line' id='line_1_74' title="bbox 1122 2663 2114 2770; baseline -0.028 -9"><span class='ocrx_word' id='word_1_492' title='bbox 1122 2693 1182 2764; x_wconf 91' lang='lat' dir='ltr'><strong>leti</strong></span> <span class='ocrx_word' id='word_1_493' title='bbox 1214 2703 1297 2762; x_wconf 88' lang='lat' dir='ltr'><strong>sunt</strong></span> <span class='ocrx_word' id='word_1_494' title='bbox 1328 2685 1487 2770; x_wconf 90' lang='lat' dir='ltr'><strong>Pharao,</strong></span> <span class='ocrx_word' id='word_1_495' title='bbox 1529 2679 1728 2762; x_wconf 91' lang='lat' dir='ltr'><strong>Cananaei,</strong></span> <span class='ocrx_word' id='word_1_496' title='bbox 1768 2671 1910 2754; x_wconf 88' lang='lat' dir='ltr'><strong>ludaei,</strong></span> <span class='ocrx_word' id='word_1_497' title='bbox 1948 2663 2114 2750; x_wconf 84' lang='lat' dir='ltr'><strong>Ethnrcr,</strong></span> 
     </span>
     <span class='ocr_line' id='line_1_75' title="bbox 1121 2783 1684 2889; baseline -0.021 -23"><span class='ocrx_word' id='word_1_498' title='bbox 1121 2817 1272 2889; x_wconf 87' lang='lat' dir='ltr'><strong>quornm</strong></span> <span class='ocrx_word' id='word_1_499' title='bbox 1288 2791 1435 2881; x_wconf 89' lang='lat' dir='ltr'><strong>insignis</strong></span> <span class='ocrx_word' id='word_1_500' title='bbox 1447 2787 1515 2858; x_wconf 89' lang='lat' dir='ltr'><strong>luit</strong></span> <span class='ocrx_word' id='word_1_501' title='bbox 1529 2783 1684 2856; x_wconf 81' lang='lat' dir='ltr'><strong>saevitia.</strong></span> 
     </span>
    </p>

    <p class='ocr_par' dir='ltr' id='par_1_9' title="bbox 1123 2901 2219 4841">
     <span class='ocr_line' id='line_1_76' title="bbox 1225 2901 2114 3016; baseline -0.033 -19"><span class='ocrx_word' id='word_1_502' title='bbox 1225 2925 1449 3016; x_wconf 88' lang='lat' dir='ltr'><strong>Quamquam</strong></span> <span class='ocrx_word' id='word_1_503' title='bbox 1477 2934 1596 2990; x_wconf 89' lang='lat' dir='ltr'><strong>autem</strong></span> <span class='ocrx_word' id='word_1_504' title='bbox 1622 2911 1785 2986; x_wconf 88' lang='lat' dir='ltr'><strong>homines</strong></span> <span class='ocrx_word' id='word_1_505' title='bbox 1815 2901 1970 3002; x_wconf 82' lang='lat' dir='ltr'><strong>perversi</strong></span> <span class='ocrx_word' id='word_1_506' title='bbox 1994 2901 2114 2971; x_wconf 90' lang='lat' dir='ltr'><strong>rident</strong></span> 
     </span>
     <span class='ocr_line' id='line_1_77' title="bbox 1123 3001 2114 3118; baseline -0.032 -18"><span class='ocrx_word' id='word_1_507' title='bbox 1123 3025 1189 3099; x_wconf 93' lang='lat' dir='ltr'><strong>hos</strong></span> <span class='ocrx_word' id='word_1_508' title='bbox 1204 3031 1331 3118; x_wconf 78' lang='lat' dir='ltr'><strong>gradm</strong></span> <span class='ocrx_word' id='word_1_509' title='bbox 1347 3022 1651 3101; x_wconf 88' lang='lat' dir='ltr'><strong>testimoniorum,</strong></span> <span class='ocrx_word' id='word_1_510' title='bbox 1675 3029 1796 3086; x_wconf 90' lang='lat' dir='ltr'><strong>tamen</strong></span> <span class='ocrx_word' id='word_1_511' title='bbox 1815 3009 1919 3080; x_wconf 92' lang='lat' dir='ltr'><strong>bonis</strong></span> <span class='ocrx_word' id='word_1_512' title='bbox 1934 3001 2114 3074; x_wconf 88' lang='lat' dir='ltr'><strong>mentibus</strong></span> 
     </span>
     <span class='ocr_line' id='line_1_78' title="bbox 1123 3099 2118 3220; baseline -0.026 -20"><span class='ocrx_word' id='word_1_513' title='bbox 1123 3129 1356 3202; x_wconf 88' lang='lat' dir='ltr'><strong>consideratio</strong></span> <span class='ocrx_word' id='word_1_514' title='bbox 1379 3125 1478 3195; x_wconf 88' lang='lat' dir='ltr'><strong>utilis</strong></span> <span class='ocrx_word' id='word_1_515' title='bbox 1500 3135 1567 3196; x_wconf 65' lang='lat' dir='ltr'><strong>est,</strong></span> <span class='ocrx_word' id='word_1_516' title='bbox 1624 3115 1671 3188; x_wconf 91' lang='lat' dir='ltr'><strong>Et</strong></span> <span class='ocrx_word' id='word_1_517' title='bbox 1694 3115 1837 3208; x_wconf 89' lang='lat' dir='ltr'><strong>quidem</strong></span> <span class='ocrx_word' id='word_1_518' title='bbox 1859 3110 1900 3198; x_wconf 81' lang='lat' dir='ltr'><strong>in</strong></span> <span class='ocrx_word' id='word_1_519' title='bbox 1923 3099 2118 3220; x_wconf 65' lang='lat' dir='ltr'><strong>propheta-</strong></span> 
     </span>
     <span class='ocr_line' id='line_1_79' title="bbox 1124 3211 2115 3326; baseline -0.031 -24"><span class='ocrx_word' id='word_1_520' title='bbox 1124 3257 1203 3302; x_wconf 90' lang='lat' dir='ltr'><strong>rum</strong></span> <span class='ocrx_word' id='word_1_521' title='bbox 1225 3229 1376 3300; x_wconf 92' lang='lat' dir='ltr'><strong>lectione</strong></span> <span class='ocrx_word' id='word_1_522' title='bbox 1393 3242 1427 3297; x_wconf 92' lang='lat' dir='ltr'><strong>et</strong></span> <span class='ocrx_word' id='word_1_523' title='bbox 1451 3223 1606 3294; x_wconf 90' lang='lat' dir='ltr'><strong>historiis</strong></span> <span class='ocrx_word' id='word_1_524' title='bbox 1629 3217 1849 3308; x_wconf 89' lang='lat' dir='ltr'><strong>singulorum</strong></span> <span class='ocrx_word' id='word_1_525' title='bbox 1866 3211 2038 3326; x_wconf 78' lang='lat' dir='ltr'><strong>graduum</strong></span> <span class='ocrx_word' id='word_1_526' title='bbox 2056 3225 2115 3272; x_wconf 87' lang='grc' dir='ltr'><strong>ιιι-</strong></span> 
     </span>
     <span class='ocr_line' id='line_1_80' title="bbox 1124 3317 2115 3423; baseline -0.03 -20"><span class='ocrx_word' id='word_1_527' title='bbox 1124 3334 1234 3423; x_wconf 88' lang='lat' dir='ltr'><strong>signia</strong></span> <span class='ocrx_word' id='word_1_528' title='bbox 1259 3329 1414 3418; x_wconf 89' lang='lat' dir='ltr'><strong>exempla</strong></span> <span class='ocrx_word' id='word_1_529' title='bbox 1436 3351 1472 3396; x_wconf 91' lang='lat' dir='ltr'><strong>se</strong></span> <span class='ocrx_word' id='word_1_530' title='bbox 1491 3325 1661 3406; x_wconf 85' lang='lat' dir='ltr'><strong>offerunt,</strong></span> <span class='ocrx_word' id='word_1_531' title='bbox 1687 3341 1775 3412; x_wconf 90' lang='lat' dir='ltr'><strong>quae</strong></span> <span class='ocrx_word' id='word_1_532' title='bbox 1799 3317 1945 3384; x_wconf 90' lang='lat' dir='ltr'><strong>lectores</strong></span> <span class='ocrx_word' id='word_1_533' title='bbox 1960 3325 2115 3422; x_wconf 75' lang='lat' dir='ltr'><strong>aspicere</strong></span> 
     </span>
     <span class='ocr_line' id='line_1_81' title="bbox 1125 3412 2115 3524; baseline -0.031 -20"><span class='ocrx_word' id='word_1_534' title='bbox 1125 3435 1224 3503; x_wconf 88' lang='lat' dir='ltr'><strong>valde</strong></span> <span class='ocrx_word' id='word_1_535' title='bbox 1239 3433 1327 3502; x_wconf 91' lang='lat' dir='ltr'><strong>utile</strong></span> <span class='ocrx_word' id='word_1_536' title='bbox 1343 3445 1404 3502; x_wconf 89' lang='lat' dir='ltr'><strong>est.</strong></span> <span class='ocrx_word' id='word_1_537' title='bbox 1445 3427 1487 3498; x_wconf 90' lang='lat' dir='ltr'><strong>ln</strong></span> <span class='ocrx_word' id='word_1_538' title='bbox 1503 3425 1650 3514; x_wconf 90' lang='lat' dir='ltr'><strong>singulis</strong></span> <span class='ocrx_word' id='word_1_539' title='bbox 1665 3413 1846 3513; x_wconf 90' lang='lat' dir='ltr'><strong>prophetis</strong></span> <span class='ocrx_word' id='word_1_540' title='bbox 1863 3414 1965 3484; x_wconf 91' lang='lat' dir='ltr'><strong>etiam</strong></span> <span class='ocrx_word' id='word_1_541' title='bbox 1982 3412 2115 3524; x_wconf 74' lang='lat' dir='ltr'><strong>doctri·</strong></span> 
     </span>
     <span class='ocr_line' id='line_1_82' title="bbox 1124 3518 2115 3623; baseline -0.031 -18"><span class='ocrx_word' id='word_1_542' title='bbox 1124 3560 1170 3604; x_wconf 92' lang='lat' dir='ltr'><strong>na</strong></span> <span class='ocrx_word' id='word_1_543' title='bbox 1186 3534 1427 3604; x_wconf 88' lang='lat' dir='ltr'><strong>consideretur</strong></span> <span class='ocrx_word' id='word_1_544' title='bbox 1442 3548 1475 3600; x_wconf 85' lang='lat' dir='ltr'><strong>ct</strong></span> <span class='ocrx_word' id='word_1_545' title='bbox 1491 3553 1580 3622; x_wconf 90' lang='lat' dir='ltr'><strong>qnae</strong></span> <span class='ocrx_word' id='word_1_546' title='bbox 1598 3527 1669 3594; x_wconf 91' lang='lat' dir='ltr'><strong>sint</strong></span> <span class='ocrx_word' id='word_1_547' title='bbox 1689 3523 1727 3589; x_wconf 94' lang='lat' dir='ltr'><strong>in</strong></span> <span class='ocrx_word' id='word_1_548' title='bbox 1743 3518 1903 3611; x_wconf 90' lang='lat' dir='ltr'><strong>quolibet</strong></span> <span class='ocrx_word' id='word_1_549' title='bbox 1922 3520 2115 3623; x_wconf 76' lang='lat' dir='ltr'><strong>sententiae</strong></span> 
     </span>
     <span class='ocr_line' id='line_1_83' title="bbox 1127 3611 2115 3730; baseline -0.034 -24"><span class='ocrx_word' id='word_1_550' title='bbox 1127 3637 1342 3730; x_wconf 89' lang='lat' dir='ltr'><strong>praecipuae.</strong></span> <span class='ocrx_word' id='word_1_551' title='bbox 1381 3630 1459 3702; x_wconf 90' lang='lat' dir='ltr'><strong>Etsi</strong></span> <span class='ocrx_word' id='word_1_552' title='bbox 1474 3631 1569 3698; x_wconf 88' lang='lat' dir='ltr'><strong>enim</strong></span> <span class='ocrx_word' id='word_1_553' title='bbox 1587 3621 1787 3699; x_wconf 92' lang='lat' dir='ltr'><strong>communia</strong></span> <span class='ocrx_word' id='word_1_554' title='bbox 1801 3611 1887 3686; x_wconf 87' lang='lat' dir='ltr'><strong>haec</strong></span> <span class='ocrx_word' id='word_1_555' title='bbox 1902 3623 1983 3682; x_wconf 87' lang='lat' dir='ltr'><strong>sunt</strong></span> <span class='ocrx_word' id='word_1_556' title='bbox 1997 3629 2115 3680; x_wconf 89' lang='lat' dir='ltr'><strong>omm-</strong></span> 
     </span>
     <span class='ocr_line' id='line_1_84' title="bbox 1127 3715 2115 3824; baseline -0.03 -18"><span class='ocrx_word' id='word_1_557' title='bbox 1127 3743 1202 3821; x_wconf 88' lang='lat' dir='ltr'><strong>hus,</strong></span> <span class='ocrx_word' id='word_1_558' title='bbox 1227 3737 1412 3805; x_wconf 90' lang='lat' dir='ltr'><strong>conciones</strong></span> <span class='ocrx_word' id='word_1_559' title='bbox 1425 3735 1468 3802; x_wconf 89' lang='lat' dir='ltr'><strong>de</strong></span> <span class='ocrx_word' id='word_1_560' title='bbox 1482 3726 1695 3824; x_wconf 88' lang='lat' dir='ltr'><strong>poenitentia</strong></span> <span class='ocrx_word' id='word_1_561' title='bbox 1712 3735 1746 3791; x_wconf 93' lang='lat' dir='ltr'><strong>et</strong></span> <span class='ocrx_word' id='word_1_562' title='bbox 1760 3715 2031 3824; x_wconf 88' lang='lat' dir='ltr'><strong>consolationes,</strong></span> <span class='ocrx_word' id='word_1_563' title='bbox 2055 3729 2115 3777; x_wconf 88' lang='lat' dir='ltr'><strong>re·</strong></span> 
     </span>
     <span class='ocr_line' id='line_1_85' title="bbox 1125 3816 2115 3932; baseline -0.031 -24"><span class='ocrx_word' id='word_1_564' title='bbox 1125 3841 1232 3932; x_wconf 91' lang='lat' dir='ltr'><strong>petita</strong></span> <span class='ocrx_word' id='word_1_565' title='bbox 1255 3853 1288 3908; x_wconf 89' lang='lat' dir='ltr'><strong>et</strong></span> <span class='ocrx_word' id='word_1_566' title='bbox 1304 3837 1478 3906; x_wconf 89' lang='lat' dir='ltr'><strong>illustrata</strong></span> <span class='ocrx_word' id='word_1_567' title='bbox 1501 3855 1565 3924; x_wconf 91' lang='lat' dir='ltr'><strong>pro</strong></span> <span class='ocrx_word' id='word_1_568' title='bbox 1582 3827 1747 3896; x_wconf 89' lang='lat' dir='ltr'><strong>missione</strong></span> <span class='ocrx_word' id='word_1_569' title='bbox 1764 3823 1808 3890; x_wconf 89' lang='lat' dir='ltr'><strong>de</strong></span> <span class='ocrx_word' id='word_1_570' title='bbox 1823 3816 1971 3898; x_wconf 89' lang='lat' dir='ltr'><strong>Messia‚</strong></span> <span class='ocrx_word' id='word_1_571' title='bbox 1996 3825 2115 3882; x_wconf 90' lang='lat' dir='ltr'><strong>tamen</strong></span> 
     </span>
     <span class='ocr_line' id='line_1_86' title="bbox 1126 3919 2116 4025; baseline -0.03 -16"><span class='ocrx_word' id='word_1_572' title='bbox 1126 3941 1187 4010; x_wconf 88' lang='lat' dir='ltr'><strong>alii</strong></span> <span class='ocrx_word' id='word_1_573' title='bbox 1219 3939 1307 4006; x_wconf 83' lang='lat' dir='ltr'><strong>alios</strong></span> <span class='ocrx_word' id='word_1_574' title='bbox 1335 3937 1500 4006; x_wconf 85' lang='lat' dir='ltr'><strong>articulos</strong></span> <span class='ocrx_word' id='word_1_575' title='bbox 1529 3929 1680 4025; x_wconf 85' lang='lat' dir='ltr'><strong>symboli</strong></span> <span class='ocrx_word' id='word_1_576' title='bbox 1711 3923 1819 4012; x_wconf 80' lang='lat' dir='ltr'><strong>magis</strong></span> <span class='ocrx_word' id='word_1_577' title='bbox 1847 3919 2044 3995; x_wconf 82' lang='lat' dir='ltr'><strong>illustrant,</strong></span> <span class='ocrx_word' id='word_1_578' title='bbox 2076 3923 2116 3980; x_wconf 82' lang='lat' dir='ltr'><strong>ut</strong></span> 
     </span>
     <span class='ocr_line' id='line_1_87' title="bbox 1126 4011 2116 4130; baseline -0.032 -20"><span class='ocrx_word' id='word_1_579' title='bbox 1126 4039 1246 4110; x_wconf 88' lang='lat' dir='ltr'><strong>Esaias</strong></span> <span class='ocrx_word' id='word_1_580' title='bbox 1264 4062 1419 4130; x_wconf 81' lang='lat' dir='ltr'><strong>expresse</strong></span> <span class='ocrx_word' id='word_1_581' title='bbox 1434 4040 1477 4105; x_wconf 89' lang='lat' dir='ltr'><strong>de</strong></span> <span class='ocrx_word' id='word_1_582' title='bbox 1492 4047 1596 4125; x_wconf 89' lang='lat' dir='ltr'><strong>partu</strong></span> <span class='ocrx_word' id='word_1_583' title='bbox 1611 4027 1768 4117; x_wconf 86' lang='lat' dir='ltr'><strong>virginis,</strong></span> <span class='ocrx_word' id='word_1_584' title='bbox 1790 4025 1834 4090; x_wconf 91' lang='lat' dir='ltr'><strong>de</strong></span> <span class='ocrx_word' id='word_1_585' title='bbox 1849 4011 2116 4112; x_wconf 89' lang='lat' dir='ltr'><strong>passioneMes-</strong></span> 
     </span>
     <span class='ocr_line' id='line_1_88' title="bbox 1126 4126 2116 4221; baseline -0.031 -10"><span class='ocrx_word' id='word_1_586' title='bbox 1126 4143 1214 4221; x_wconf 89' lang='lat' dir='ltr'><strong>siae‚</strong></span> <span class='ocrx_word' id='word_1_587' title='bbox 1241 4143 1284 4208; x_wconf 92' lang='lat' dir='ltr'><strong>de</strong></span> <span class='ocrx_word' id='word_1_588' title='bbox 1303 4137 1566 4208; x_wconf 89' lang='lat' dir='ltr'><strong>resuscitatione</strong></span> <span class='ocrx_word' id='word_1_589' title='bbox 1580 4145 1825 4207; x_wconf 89' lang='lat' dir='ltr'><strong>mortuorum,</strong></span> <span class='ocrx_word' id='word_1_590' title='bbox 1845 4126 1889 4190; x_wconf 92' lang='lat' dir='ltr'><strong>de</strong></span> <span class='ocrx_word' id='word_1_591' title='bbox 1904 4133 2045 4188; x_wconf 91' lang='lat' dir='ltr'><strong>aeterna</strong></span> <span class='ocrx_word' id='word_1_592' title='bbox 2059 4137 2116 4182; x_wconf 90' lang='lat' dir='ltr'><strong>sa·</strong></span> 
     </span>
     <span class='ocr_line' id='line_1_89' title="bbox 1128 4215 2115 4337; baseline -0.03 -26"><span class='ocrx_word' id='word_1_593' title='bbox 1128 4244 1199 4314; x_wconf 89' lang='lat' dir='ltr'><strong>lute</strong></span> <span class='ocrx_word' id='word_1_594' title='bbox 1222 4253 1255 4310; x_wconf 91' lang='lat' dir='ltr'><strong>et</strong></span> <span class='ocrx_word' id='word_1_595' title='bbox 1276 4241 1426 4310; x_wconf 90' lang='lat' dir='ltr'><strong>aeternis</strong></span> <span class='ocrx_word' id='word_1_596' title='bbox 1454 4237 1576 4328; x_wconf 89' lang='lat' dir='ltr'><strong>poenis</strong></span> <span class='ocrx_word' id='word_1_597' title='bbox 1597 4231 1846 4307; x_wconf 89' lang='lat' dir='ltr'><strong>concionatur,</strong></span> <span class='ocrx_word' id='word_1_598' title='bbox 1878 4219 2049 4337; x_wconf 69' lang='lat' dir='ltr'><strong>Ieremias·</strong></span> <span class='ocrx_word' id='word_1_599' title='bbox 2070 4215 2115 4282; x_wconf 90' lang='lat' dir='ltr'><strong>de</strong></span> 
     </span>
     <span class='ocr_line' id='line_1_90' title="bbox 1127 4323 2116 4434; baseline -0.022 -22"><span class='ocrx_word' id='word_1_600' title='bbox 1127 4345 1263 4414; x_wconf 88' lang='lat' dir='ltr'><strong>duabus</strong></span> <span class='ocrx_word' id='word_1_601' title='bbox 1278 4341 1415 4412; x_wconf 89' lang='lat' dir='ltr'><strong>naturis</strong></span> <span class='ocrx_word' id='word_1_602' title='bbox 1430 4341 1468 4407; x_wconf 93' lang='lat' dir='ltr'><strong>in</strong></span> <span class='ocrx_word' id='word_1_603' title='bbox 1478 4335 1608 4408; x_wconf 84' lang='lat' dir='ltr'><strong>Massia</strong></span> <span class='ocrx_word' id='word_1_604' title='bbox 1618 4329 1658 4428; x_wconf 88' lang='lat'><strong>¹⁰)</strong></span> <span class='ocrx_word' id='word_1_605' title='bbox 1672 4346 1707 4402; x_wconf 91' lang='lat' dir='ltr'><strong>et</strong></span> <span class='ocrx_word' id='word_1_606' title='bbox 1719 4333 1762 4400; x_wconf 90' lang='lat' dir='ltr'><strong>de</strong></span> <span class='ocrx_word' id='word_1_607' title='bbox 1777 4325 1863 4414; x_wconf 89' lang='lat' dir='ltr'><strong>legis</strong></span> <span class='ocrx_word' id='word_1_608' title='bbox 1878 4323 2116 4434; x_wconf 77' lang='lat' dir='ltr'><strong>abrogatione.</strong></span> 
     </span>
     <span class='ocr_line' id='line_1_91' title="bbox 1127 4417 2117 4532; baseline -0.028 -18"><span class='ocrx_word' id='word_1_609' title='bbox 1127 4444 1254 4515; x_wconf 89' lang='lat' dir='ltr'><strong>Daniel</strong></span> <span class='ocrx_word' id='word_1_610' title='bbox 1273 4457 1411 4532; x_wconf 89' lang='lat' dir='ltr'><strong>tempus</strong></span> <span class='ocrx_word' id='word_1_611' title='bbox 1433 4435 1701 4532; x_wconf 88' lang='lat' dir='ltr'><strong>praedicationis</strong></span> <span class='ocrx_word' id='word_1_612' title='bbox 1724 4444 1759 4500; x_wconf 90' lang='lat' dir='ltr'><strong>ct</strong></span> <span class='ocrx_word' id='word_1_613' title='bbox 1780 4422 1950 4516; x_wconf 90' lang='lat' dir='ltr'><strong>passionis</strong></span> <span class='ocrx_word' id='word_1_614' title='bbox 1964 4417 2117 4489; x_wconf 84' lang='lat' dir='ltr'><strong>Messxae</strong></span> 
     </span>
     <span class='ocr_line' id='line_1_92' title="bbox 1127 4521 2117 4638; baseline -0.033 -20"><span class='ocrx_word' id='word_1_615' title='bbox 1127 4546 1315 4638; x_wconf 87' lang='lat' dir='ltr'><strong>praedicit,</strong></span> <span class='ocrx_word' id='word_1_616' title='bbox 1343 4537 1502 4614; x_wconf 89' lang='lat' dir='ltr'><strong>Micheas</strong></span> <span class='ocrx_word' id='word_1_617' title='bbox 1522 4541 1640 4608; x_wconf 91' lang='lat' dir='ltr'><strong>locum</strong></span> <span class='ocrx_word' id='word_1_618' title='bbox 1666 4527 1871 4604; x_wconf 86' lang='lat' dir='ltr'><strong>nativitatis.</strong></span> <span class='ocrx_word' id='word_1_619' title='bbox 1928 4521 1998 4594; x_wconf 90' lang='lat' dir='ltr'><strong>Sed</strong></span> <span class='ocrx_word' id='word_1_620' title='bbox 2024 4543 2117 4636; x_wconf 75' lang='lat' dir='ltr'><strong>quae</strong></span> 
     </span>
     <span class='ocr_line' id='line_1_93' title="bbox 1126 4629 2219 4742; baseline -0.032 -25"><span class='ocrx_word' id='word_1_621' title='bbox 1126 4651 1196 4717; x_wconf 89' lang='lat' dir='ltr'><strong>sint</strong></span> <span class='ocrx_word' id='word_1_622' title='bbox 1216 4649 1252 4714; x_wconf 93' lang='lat' dir='ltr'><strong>in</strong></span> <span class='ocrx_word' id='word_1_623' title='bbox 1272 4647 1431 4738; x_wconf 88' lang='lat' dir='ltr'><strong>quolibet</strong></span> <span class='ocrx_word' id='word_1_624' title='bbox 1454 4639 1661 4733; x_wconf 88' lang='lat' dir='ltr'><strong>praecipuae</strong></span> <span class='ocrx_word' id='word_1_625' title='bbox 1684 4629 1865 4711; x_wconf 90' lang='lat' dir='ltr'><strong>materiae,</strong></span> <span class='ocrx_word' id='word_1_626' title='bbox 1889 4635 2036 4742; x_wconf 73' lang='lat' dir='ltr'><strong>monent</strong></span> <span class='ocrx_word' id='word_1_627' title='bbox 2058 4643 2116 4687; x_wconf 80' lang='lat' dir='ltr'><strong>in·</strong></span> <span class='ocrx_word' id='word_1_628' title='bbox 2211 4695 2219 4704; x_wconf 90' lang='lat'><em>.</em></span> 
     </span>
     <span class='ocr_line' id='line_1_94' title="bbox 1128 4733 2116 4841; baseline -0.03 -23"><span class='ocrx_word' id='word_1_629' title='bbox 1128 4763 1312 4841; x_wconf 84' lang='lat' dir='ltr'><strong>terpretes,</strong></span> <span class='ocrx_word' id='word_1_630' title='bbox 1337 4762 1370 4818; x_wconf 86' lang='lat' dir='ltr'><strong>et</strong></span> <span class='ocrx_word' id='word_1_631' title='bbox 1391 4745 1525 4815; x_wconf 89' lang='lat' dir='ltr'><strong>nullius</strong></span> <span class='ocrx_word' id='word_1_632' title='bbox 1548 4762 1619 4836; x_wconf 78' lang='lat' dir='ltr'><strong>esse</strong></span> <span class='ocrx_word' id='word_1_633' title='bbox 1641 4733 1879 4806; x_wconf 88' lang='lat' dir='ltr'><strong>enarrationes</strong></span> <span class='ocrx_word' id='word_1_634' title='bbox 1901 4747 2008 4815; x_wconf 77' lang='lat' dir='ltr'><strong>magis</strong></span> <span class='ocrx_word' id='word_1_635' title='bbox 2030 4744 2116 4792; x_wconf 88' lang='lat' dir='ltr'><strong>con·</strong></span> 
     </span>
    </p>
   </div>
   <div class='ocr_carea' id='block_1_9' title="bbox 1130 4955 1337 4974">
    <p class='ocr_par' dir='ltr' id='par_1_10' title="bbox 1130 4955 1337 4974">
     <span class='ocr_line' id='line_1_95' title="bbox 1130 4955 1337 4974; baseline -0.01 0"><span class='ocrx_word' id='word_1_636' title='bbox 1130 4955 1337 4974; x_wconf 52' lang='lat'><strong>*-</strong></span> 
     </span>
    </p>
   </div>
   <div class='ocr_carea' id='block_1_10' title="bbox 1157 5065 1731 5487">
    <p class='ocr_par' dir='ltr' id='par_1_11' title="bbox 1158 5065 1731 5230">
     <span class='ocr_line' id='line_1_96' title="bbox 1348 5065 1731 5128; baseline -0.026 -2"><span class='ocrx_word' id='word_1_637' title='bbox 1348 5071 1377 5126; x_wconf 89' lang='lat' dir='ltr'><strong>iu</strong></span> <span class='ocrx_word' id='word_1_638' title='bbox 1394 5069 1518 5128; x_wconf 80' lang='lat' dir='ltr'><strong>Declam.</strong></span> <span class='ocrx_word' id='word_1_639' title='bbox 1537 5081 1594 5124; x_wconf 87' lang='grc' dir='ltr'><strong>ιιοιι</strong></span> <span class='ocrx_word' id='word_1_640' title='bbox 1611 5065 1731 5122; x_wconf 85' lang='lat' dir='ltr'><strong>habetur.</strong></span> 
     </span>
     <span class='ocr_line' id='line_1_97' title="bbox 1158 5159 1431 5230; baseline -0.022 -15"><span class='ocrx_word' id='word_1_641' title='bbox 1158 5161 1187 5230; x_wconf 84' lang='lat'><strong>⁷)</strong></span> <span class='ocrx_word' id='word_1_642' title='bbox 1204 5159 1284 5215; x_wconf 87' lang='lat' dir='ltr'><strong>Decl.</strong></span> <span class='ocrx_word' id='word_1_643' title='bbox 1302 5159 1431 5212; x_wconf 82' lang='lat' dir='ltr'><strong>ostendit.</strong></span> 
     </span>
    </p>

    <p class='ocr_par' dir='ltr' id='par_1_12' title="bbox 1158 5245 1463 5318">
     <span class='ocr_line' id='line_1_98' title="bbox 1158 5245 1463 5318; baseline -0.02 -17"><span class='ocrx_word' id='word_1_644' title='bbox 1158 5247 1188 5317; x_wconf 83' lang='lat'><strong>8)</strong></span> <span class='ocrx_word' id='word_1_645' title='bbox 1208 5245 1282 5318; x_wconf 90' lang='lat' dir='ltr'><strong>Opp.</strong></span> <span class='ocrx_word' id='word_1_646' title='bbox 1303 5246 1463 5312; x_wconf 78' lang='lat' dir='ltr'><strong>impiorum.</strong></span> 
     </span>
    </p>

    <p class='ocr_par' dir='ltr' id='par_1_13' title="bbox 1159 5331 1461 5404">
     <span class='ocr_line' id='line_1_99' title="bbox 1159 5331 1461 5404; baseline -0.003 -18"><span class='ocrx_word' id='word_1_647' title='bbox 1159 5333 1188 5402; x_wconf 85' lang='grc'><strong>9)</strong></span> <span class='ocrx_word' id='word_1_648' title='bbox 1208 5331 1281 5404; x_wconf 85' lang='lat' dir='ltr'><strong>Opp.</strong></span> <span class='ocrx_word' id='word_1_649' title='bbox 1300 5331 1461 5397; x_wconf 80' lang='lat' dir='ltr'><strong>impiorum.</strong></span> 
     </span>
    </p>

    <p class='ocr_par' dir='ltr' id='par_1_14' title="bbox 1157 5405 1725 5487">
     <span class='ocr_line' id='line_1_100' title="bbox 1157 5405 1725 5487; baseline -0.018 -16"><span class='ocrx_word' id='word_1_650' title='bbox 1157 5419 1206 5487; x_wconf 75' lang='lat' dir='ltr'><strong>lo)</strong></span> <span class='ocrx_word' id='word_1_651' title='bbox 1228 5419 1257 5470; x_wconf 80' lang='lat' dir='ltr'><strong>iu</strong></span> <span class='ocrx_word' id='word_1_652' title='bbox 1274 5415 1391 5480; x_wconf 74' lang='lat' dir='ltr'><strong>Messa]</strong></span> <span class='ocrx_word' id='word_1_653' title='bbox 1408 5431 1463 5468; x_wconf 90' lang='lat' dir='ltr'><strong>non</strong></span> <span class='ocrx_word' id='word_1_654' title='bbox 1482 5410 1579 5465; x_wconf 85' lang='lat' dir='ltr'><strong>babent</strong></span> <span class='ocrx_word' id='word_1_655' title='bbox 1597 5405 1725 5464; x_wconf 82' lang='lat' dir='ltr'><strong>Declam.</strong></span> 
     </span>
    </p>
   </div>
   <div class='ocr_carea' id='block_1_11' title="bbox 1158 5077 1331 5144">
    <p class='ocr_par' dir='ltr' id='par_1_15' title="bbox 1158 5077 1331 5144">
     <span class='ocr_line' id='line_1_101' title="bbox 1158 5077 1331 5144; baseline -0.012 -14"><span class='ocrx_word' id='word_1_656' title='bbox 1158 5077 1188 5144; x_wconf 83' lang='lat' dir='ltr'><strong>d)</strong></span> <span class='ocrx_word' id='word_1_657' title='bbox 1206 5077 1331 5142; x_wconf 78' lang='lat' dir='ltr'><strong>semper]</strong></span> 
     </span>
    </p>
   </div>
   <div class='ocr_carea' id='block_1_12' title="bbox 0 0 2361 5796">
    <p class='ocr_par' dir='ltr' id='par_1_16' title="bbox 0 0 2361 5796">
     <span class='ocr_line' id='line_1_102' title="bbox 0 0 2361 5796; baseline 0 0"><span class='ocrx_word' id='word_1_658' title='bbox 0 0 2361 5796; x_wconf 95' lang='lat' dir='ltr'><strong> </strong></span> 
     </span>
    </p>
   </div>
  </div>
 </body>
</html>
